@article{Allen2014,
	author = {Allen, E. A. and Damaraju, E. and Plis, S. M. and Erhardt, E. B. and Eichele, T. and Calhoun, V. D.},
	title = {Tracking whole-brain connectivity dynamics in the resting state},
	journal = {Cereb Cortex},
	volume = {24},
	number = {3},
	pages = {663-76},
	DOI = {10.1093/cercor/bhs352},
	url = {http://www.ncbi.nlm.nih.gov/pubmed/23146964},
	year = {2014},
	type = {Journal Article}
}

@misc{Baker2012,
	author = {Baker, A. P. and Luckhoo, H. and Brookes, M. J. and Smith, P. and Woolrich, M.},
	title = {Investigating the Temporal Dynamics of Resting State Brain Connectivity using Magnetoencephalography.},
	year = {2012},
	type = {Conference Paper}
}

@article{Baker2014,
	author = {Baker, A. P. and Brookes, M. J. and Rezek, I. A. and Smith, S. M. and Behrens, T. and Probert Smith, P. J. and Woolrich, M.},
	title = {Fast transient networks in spontaneous human brain activity},
	journal = {Elife (Cambridge)},
	volume = {3},
	pages = {e01867},
	DOI = {10.7554/eLife.01867},
	url = {http://www.ncbi.nlm.nih.gov/pubmed/24668169},
	year = {2014},
	type = {Journal Article}
}

@article{Barbey2013,
	author = {Barbey, A. K. and Koenigs, M. and Grafman, J.},
	title = {Dorsolateral prefrontal contributions to human working memory},
	journal = {Cortex},
	volume = {49},
	number = {5},
	pages = {1195-205},
	DOI = {10.1016/j.cortex.2012.05.022},
	url = {http://www.ncbi.nlm.nih.gov/pubmed/22789779},
	year = {2013},
	type = {Journal Article}
}

@article{Bardouille2012,
	author = {Bardouille, T. and Boe, S.},
	title = {State-related changes in MEG functional connectivity reveal the task-positive sensorimotor network},
	journal = {PLoS One},
	volume = {7},
	number = {10},
	pages = {e48682},
	DOI = {10.1371/journal.pone.0048682},
	url = {http://www.ncbi.nlm.nih.gov/pubmed/23119088},
	year = {2012},
	type = {Journal Article}
}


@article{Bardeen1957,
	author = {Bardeen, J. and Cooper, L. N. and Schrieffer, J. R.},
	title = {Microscopic Theory of Superconductivity},
	journal = {Physical Review},
	volume = {106},
	number = {1},
	pages = {162-164},
	DOI = {DOI 10.1103/PhysRev.106.162},
	url = {<Go to ISI>://WOS:A1957WB72000035},
	year = {1957},
	type = {Journal Article}
}

@article{Barnes2011,
	author = {Barnes, G. R. and Litvak, V. and Brookes, M. J. and Friston, K. J.},
	title = {Controlling false positive rates in mass-multivariate tests for electromagnetic responses},
	journal = {Neuroimage},
	volume = {56},
	number = {3},
	pages = {1072-81},
	DOI = {10.1016/j.neuroimage.2011.02.072},
	url = {http://www.ncbi.nlm.nih.gov/pubmed/21396458},
	year = {2011},
	type = {Journal Article}
}

@article{Bassett2006,
	author = {Bassett, D. S. and Meyer-Lindenberg, A. and Achard, S. and Duke, T. and Bullmore, E.},
	title = {Adaptive reconfiguration of fractal small-world human brain functional networks},
	journal = {Proc Natl Acad Sci U S A},
	volume = {103},
	number = {51},
	pages = {19518-23},
	DOI = {10.1073/pnas.0606005103},
	url = {http://www.ncbi.nlm.nih.gov/pubmed/17159150},
	year = {2006},
	type = {Journal Article}
}

@article{Bauer2012,
	author = {Bauer, M. and Kennett, S. and Driver, J.},
	title = {Attentional selection of location and modality in vision and touch modulates low-frequency activity in associated sensory cortices},
	journal = {J Neurophysiol},
	volume = {107},
	number = {9},
	pages = {2342-51},
	DOI = {10.1152/jn.00973.2011},
	url = {http://www.ncbi.nlm.nih.gov/pubmed/22323628},
	year = {2012},
	type = {Journal Article}
}

@article{Biswal1995,
	author = {Biswal, B. and Yetkin, F. Z. and Haughton, V. M. and Hyde, J. S.},
	title = {Functional connectivity in the motor cortex of resting human brain using echo-planar MRI},
	journal = {Magn Reson Med},
	volume = {34},
	number = {4},
	pages = {537-41},
	url = {http://www.ncbi.nlm.nih.gov/pubmed/8524021},
	year = {1995},
	type = {Journal Article}
}


@article{Brinkman2014,
	author = {Brinkman, L. and Stolk, A. and Dijkerman, H. C. and de Lange, F. P. and Toni, I.},
	title = {Distinct Roles for Alpha- and Beta-Band Oscillations during Mental Simulation of Goal-Directed Actions},
	journal = {J Neurosci},
	volume = {34},
	number = {44},
	pages = {14783-92},
	DOI = {10.1523/JNEUROSCI.2039-14.2014},
	url = {http://www.ncbi.nlm.nih.gov/pubmed/25355230},
	year = {2014},
	type = {Journal Article}
}

@article{Brookes2007,
	author = {Brookes, M. J. and Stevenson, C. M. and Barnes, G. R. and Hillebrand, A. and Simpson, M. I. and Francis, S. T. and Morris, P. G.},
	title = {Beamformer reconstruction of correlated sources using a modified source model},
	journal = {Neuroimage},
	volume = {34},
	number = {4},
	pages = {1454-65},
	DOI = {10.1016/j.neuroimage.2006.11.012},
	url = {http://www.ncbi.nlm.nih.gov/pubmed/17196835},
	year = {2007},
	type = {Journal Article}
}

@article{Brookes2008,
	author = {Brookes, M. J. and Vrba, J. and Robinson, S. E. and Stevenson, C. M. and Peters, A. M. and Barnes, G. R. and Hillebrand, A. and Morris, P. G.},
	title = {Optimising experimental design for MEG beamformer imaging},
	journal = {Neuroimage},
	volume = {39},
	number = {4},
	pages = {1788-802},
	DOI = {10.1016/j.neuroimage.2007.09.050},
	url = {http://www.ncbi.nlm.nih.gov/pubmed/18155612},
	year = {2008},
	type = {Journal Article}
}

@article{Brookes2011,
	author = {Brookes, M. J. and Woolrich, M. and Luckhoo, H. and Price, D. and Hale, J. R. and Stephenson, M. C. and Barnes, G. R. and Smith, S. M. and Morris, P. G.},
	title = {Investigating the electrophysiological basis of resting state networks using magnetoencephalography},
	journal = {Proc Natl Acad Sci U S A},
	volume = {108},
	number = {40},
	pages = {16783-8},
	DOI = {10.1073/pnas.1112685108},
	url = {http://www.ncbi.nlm.nih.gov/pubmed/21930901},
	year = {2011},
	type = {Journal Article}
}

@article{Brookes2011a,
	author = {Brookes, M. J. and Hale, J. R. and Zumer, J. M. and Stevenson, C. M. and Francis, S. T. and Barnes, G. R. and Owen, J. P. and Morris, P. G. and Nagarajan, S. S.},
	title = {Measuring functional connectivity using MEG: methodology and comparison with fcMRI},
	journal = {Neuroimage},
	volume = {56},
	number = {3},
	pages = {1082-104},
	DOI = {10.1016/j.neuroimage.2011.02.054},
	url = {http://www.ncbi.nlm.nih.gov/pubmed/21352925},
	year = {2011},
	type = {Journal Article}
}

@article{Brookes2012a,
	author = {Brookes, M. J. and Liddle, E. B. and Hale, J. R. and Woolrich, M. W. and Luckhoo, H. and Liddle, P. F. and Morris, P. G.},
	title = {Task induced modulation of neural oscillations in electrophysiological brain networks},
	journal = {Neuroimage},
	volume = {63},
	number = {4},
	pages = {1918-30},
	DOI = {10.1016/j.neuroimage.2012.08.012},
	url = {http://www.ncbi.nlm.nih.gov/pubmed/22906787},
	year = {2012},
	type = {Journal Article}
}

@article{Brookes2012b,
	author = {Brookes, M. J. and Woolrich, M. W. and Barnes, G. R.},
	title = {Measuring functional connectivity in MEG: a multivariate approach insensitive to linear source leakage},
	journal = {Neuroimage},
	volume = {63},
	number = {2},
	pages = {910-20},
	DOI = {10.1016/j.neuroimage.2012.03.048},
	url = {http://www.ncbi.nlm.nih.gov/pubmed/22484306},
	year = {2012},
	type = {Journal Article}
}

@article{Brookes2014,
	author = {Brookes, M. J. and O'Neill, G. C. and Hall, E. L. and Woolrich, M. W. and Baker, A. and Palazzo Corner, S. and Robson, S. E. and Morris, P. G. and Barnes, G. R.},
	title = {Measuring temporal, spectral and spatial changes in electrophysiological brain network connectivity},
	journal = {Neuroimage},
	volume = {91},
	pages = {282-99},
	DOI = {10.1016/j.neuroimage.2013.12.066},
	url = {http://www.ncbi.nlm.nih.gov/pubmed/24418505},
	year = {2014},
	type = {Journal Article}
}

@article{Brinkman2014,
	author = {Brinkman, L. and Stolk, A. and Dijkerman, H. C. and de Lange, F. P. and Toni, I.},
	title = {Distinct Roles for Alpha- and Beta-Band Oscillations during Mental Simulation of Goal-Directed Actions},
	journal = {J Neurosci},
	volume = {34},
	number = {44},
	pages = {14783-92},
	DOI = {10.1523/JNEUROSCI.2039-14.2014},
	url = {http://www.ncbi.nlm.nih.gov/pubmed/25355230},
	year = {2014},
	type = {Journal Article}
}

@article{Caminiti2015,
	author = {Caminiti, S. P. and Siri, C. and Guidi, L. and Antonini, A. and Perani, D.},
	title = {The neural correlates of spatial and object working memory in elderly and Parkinson's disease subjects},
	journal = {Behav Neurol},
	volume = {2015},
	pages = {123636},
	DOI = {10.1155/2015/123636},
	url = {http://www.ncbi.nlm.nih.gov/pubmed/25861157},
	year = {2015},
	type = {Journal Article}
}

@article{Chang2010,
	author = {Chang, C. and Glover, G. H.},
	title = {Time-frequency dynamics of resting-state brain connectivity measured with fMRI},
	journal = {Neuroimage},
	volume = {50},
	number = {1},
	pages = {81-98},
	DOI = {10.1016/j.neuroimage.2009.12.011},
	url = {http://www.ncbi.nlm.nih.gov/pubmed/20006716},
	year = {2010},
	type = {Journal Article}
}

@article{Cohen1968,
	author = {Cohen, D.},
	title = {Magnetoencephalography: evidence of magnetic fields produced by alpha-rhythm currents},
	journal = {Science},
	volume = {161},
	number = {3843},
	pages = {784-6},
	url = {http://www.ncbi.nlm.nih.gov/pubmed/5663803},
	year = {1968},
	type = {Journal Article}
}

@article{Cohen1972,
	author = {Cohen, D.},
	title = {Magnetoencephalography: detection of the brain's electrical activity with a superconducting magnetometer},
	journal = {Science},
	volume = {175},
	number = {4022},
	pages = {664-6},
	url = {http://www.ncbi.nlm.nih.gov/pubmed/5009769},
	year = {1972},
	type = {Journal Article}
}

@article{Colclough2015,
	author = {Colclough, G. L. and Brookes, M. J. and Smith, S. M. and Woolrich, M. W.},
	title = {A symmetric multivariate leakage correction for MEG connectomes},
	journal = {Neuroimage},
	volume = {117},
	pages = {439-48},
	DOI = {10.1016/j.neuroimage.2015.03.071},
	url = {http://www.ncbi.nlm.nih.gov/pubmed/25862259},
	year = {2015},
	type = {Journal Article}
}

@article{Colclough2016,
	author = {Colclough, G. L. and Tewarie, P. K. and Brookes, M. J. and Smith, S. M. and Woolrich, M. W.},
	title = {How reliable are MEG resting-state connectivity metrics?},
	journal = {Neuroimage},
	volume = {In Prep},
	year = {2016},
	type = {Journal Article}
}

@article{Clare1999,
	author = {Clare, S. and Humberstone, M. and Hykin, J. and Blumhardt, L. D. and Bowtell, R. and Morris, P.},
	title = {Detecting activations in event-related fMRI using analysis of variance},
	journal = {Magn Reson Med},
	volume = {42},
	number = {6},
	pages = {1117-22},
	url = {http://www.ncbi.nlm.nih.gov/pubmed/10571933},
	year = {1999},
	type = {Journal Article}
}


@article{Dalal2006,
	author = {Dalal, S. S. and Sekihara, K. and Nagarajan, S. S.},
	title = {Modified beamformers for coherent source region suppression},
	journal = {IEEE Trans Biomed Eng},
	volume = {53},
	number = {7},
	pages = {1357-63},
	DOI = {10.1109/TBME.2006.873752},
	url = {http://www.ncbi.nlm.nih.gov/pubmed/16830939},
	year = {2006},
	type = {Journal Article}
}

@article{DeLange2008,
	author = {de Lange, F. P. and Jensen, O. and Bauer, M. and Toni, I.},
	title = {Interactions between posterior gamma and frontal alpha/beta oscillations during imagined actions},
	journal = {Front Hum Neurosci},
	volume = {2},
	pages = {7},
	DOI = {10.3389/neuro.09.007.2008},
	url = {http://www.ncbi.nlm.nih.gov/pubmed/18958208},
	year = {2008},
	type = {Journal Article}
}

@article{dePasquale2010,
	author = {de Pasquale, F. and Della Penna, S. and Snyder, A. Z. and Lewis, C. and Mantini, D. and Marzetti, L. and Belardinelli, P. and Ciancetta, L. and Pizzella, V. and Romani, G. L. and Corbetta, M.},
	title = {Temporal dynamics of spontaneous MEG activity in brain networks},
	journal = {Proc Natl Acad Sci U S A},
	volume = {107},
	number = {13},
	pages = {6040-5},
	DOI = {10.1073/pnas.0913863107},
	url = {http://www.ncbi.nlm.nih.gov/pubmed/20304792},
	year = {2010},
	type = {Journal Article}
}

@article{dePasquale2012,
	author = {de Pasquale, F. and Della Penna, S. and Snyder, A. Z. and Marzetti, L. and Pizzella, V. and Romani, G. L. and Corbetta, M.},
	title = {A cortical core for dynamic integration of functional networks in the resting human brain},
	journal = {Neuron},
	volume = {74},
	number = {4},
	pages = {753-64},
	DOI = {10.1016/j.neuron.2012.03.031},
	url = {http://www.ncbi.nlm.nih.gov/pubmed/22632732},
	year = {2012},
	type = {Journal Article}
}

@article{Diwakar2011,
	author = {Diwakar, M. and Tal, O. and Liu, T. T. and Harrington, D. L. and Srinivasan, R. and Muzzatti, L. and Song, T. and Theilmann, R. J. and Lee, R. R. and Huang, M. X.},
	title = {Accurate reconstruction of temporal correlation for neuronal sources using the enhanced dual-core MEG beamformer},
	journal = {Neuroimage},
	volume = {56},
	number = {4},
	pages = {1918-28},
	DOI = {10.1016/j.neuroimage.2011.03.042},
	url = {http://www.ncbi.nlm.nih.gov/pubmed/21443954},
	year = {2011},
	type = {Journal Article}
}

@article{Dale2000,
	author = {Dale, A. M. and Liu, A. K. and Fischl, B. R. and Buckner, R. L. and Belliveau, J. W. and Lewine, J. D. and Halgren, E.},
	title = {Dynamic statistical parametric mapping: combining fMRI and MEG for high-resolution imaging of cortical activity},
	journal = {Neuron},
	volume = {26},
	number = {1},
	pages = {55-67},
	url = {http://www.ncbi.nlm.nih.gov/pubmed/10798392},
	year = {2000},
	type = {Journal Article}
}

@article{Finn2015,
	author = {Finn, E. S. and Shen, X. and Scheinost, D. and Rosenberg, M. D. and Huang, J. and Chun, M. M. and Papademetris, X. and Constable, R. T.},
	title = {Functional connectome fingerprinting: identifying individuals using patterns of brain connectivity},
	journal = {Nat Neurosci},
	volume = {18},
	number = {11},
	pages = {1664-71},
	DOI = {10.1038/nn.4135},
	url = {http://www.ncbi.nlm.nih.gov/pubmed/26457551},
	year = {2015},
	type = {Journal Article}
}

@article{Filippini2009,
	author = {Filippini, N. and MacIntosh, B. J. and Hough, M. G. and Goodwin, G. M. and Frisoni, G. B. and Smith, S. M. and Matthews, P. M. and Beckmann, C. F. and Mackay, C. E.},
	title = {Distinct patterns of brain activity in young carriers of the APOE-\epsilon4 allele},
	journal = {Proc Natl Acad Sci U S A},
	volume = {106},
	number = {17},
	pages = {7209-14},
	DOI = {10.1073/pnas.0811879106},
	url = {http://www.ncbi.nlm.nih.gov/pubmed/19357304},
	year = {2009},
	type = {Journal Article}
}

@article{Fuchs1999,
	author = {Fuchs, M. and Wagner, M. and Kohler, T. and Wischmann, H. A.},
	title = {Linear and nonlinear current density reconstructions},
	journal = {J Clin Neurophysiol},
	volume = {16},
	number = {3},
	pages = {267-95},
	url = {http://www.ncbi.nlm.nih.gov/pubmed/10426408},
	year = {1999},
	type = {Journal Article}
}

@ARTICLE{Geselowitz1970, 
	author={Geselowitz, D. B.}, 
	journal={Magnetics, IEEE Transactions on}, 
	title={On the magnetic field generated outside an inhomogeneous volume conductor by internal current sources}, 
	year={1970}, 
	volume={6}, 
	number={2}, 
	pages={346-347}, 
	doi={10.1109/TMAG.1970.1066765}, 
	ISSN={0018-9464}, 
	month={Jun},}

@article{Gong2009,
	author = {Gong, G. and He, Y. and Concha, L. and Lebel, C. and Gross, D. W. and Evans, A. C. and Beaulieu, C.},
	title = {Mapping anatomical connectivity patterns of human cerebral cortex using in vivo diffusion tensor imaging tractography},
	journal = {Cereb Cortex},
	volume = {19},
	number = {3},
	pages = {524-36},
	DOI = {10.1093/cercor/bhn102},
	url = {http://www.ncbi.nlm.nih.gov/pubmed/18567609},
	year = {2009},
	type = {Journal Article}
}

@article{Hadamard1902,
	author = {Hadamard, Jacques},
	title = {Sur les problèmes aux dérivés partielles et leur signification physique},
	journal = {Princeton University Bulletin},
	volume = {13},
	pages = {49-52},
	keywords = {ill-posed
	problem},
	year = {1902},
	type = {Journal Article}
}

@article{Hall2013,
	author = {Hall, E. L. and Woolrich, M. W. and Thomaz, C. E. and Morris, P. G. and Brookes, M. J.},
	title = {Using variance information in magnetoencephalography measures of functional connectivity},
	journal = {Neuroimage},
	volume = {67},
	pages = {203-12},
	DOI = {10.1016/j.neuroimage.2012.11.011},
	url = {http://www.ncbi.nlm.nih.gov/pubmed/23165323},
	year = {2013},
	type = {Journal Article}
}

@article{Hamalainen1989,
	author = {Hamalainen, M. S. and Sarvas, J.},
	title = {Realistic conductivity geometry model of the human head for interpretation of neuromagnetic data},
	journal = {IEEE Trans Biomed Eng},
	volume = {36},
	number = {2},
	pages = {165-71},
	DOI = {10.1109/10.16463},
	url = {http://www.ncbi.nlm.nih.gov/pubmed/2917762},
	year = {1989},
	type = {Journal Article}
}

@article{Hamalainen1993,
	author = {Hämäläinen, Matti and Hari, Riitta and Ilmoniemi, Risto and Knuutila, Jukka and Lounasmaa, Olli},
	title = {Magnetoencephalography--theory, instrumentation, and applications to noninvasive studies of the working human brain},
	journal = {Reviews of Modern Physics},
	volume = {65},
	number = {2},
	pages = {413-497},
	url = {http://dx.doi.org/10.1103/revmodphys.65.413},
	year = {1993},
	type = {Journal Article}
}

@article{Hamalainen1994,
	author = {Hamalainen, M. S. and Ilmoniemi, R. J.},
	title = {Interpreting magnetic fields of the brain: minimum norm estimates},
	journal = {Med Biol Eng Comput},
	volume = {32},
	number = {1},
	pages = {35-42},
	url = {http://www.ncbi.nlm.nih.gov/pubmed/8182960},
	year = {1994},
	type = {Journal Article}
}

@article{Hauk2011,
	author = {Hauk, O. and Wakeman, D. G. and Henson, R.},
	title = {Comparison of noise-normalized minimum norm estimates for MEG analysis using multiple resolution metrics},
	journal = {Neuroimage},
	volume = {54},
	number = {3},
	pages = {1966-74},
	DOI = {10.1016/j.neuroimage.2010.09.053},
	url = {http://www.ncbi.nlm.nih.gov/pubmed/20884360},
	year = {2011},
	type = {Journal Article}
}

@article{Hipp2012,
	author = {Hipp, J. F. and Hawellek, D. J. and Corbetta, M. and Siegel, M. and Engel, A. K.},
	title = {Large-scale cortical correlation structure of spontaneous oscillatory activity},
	journal = {Nat Neurosci},
	volume = {15},
	number = {6},
	pages = {884-90},
	DOI = {10.1038/nn.3101},
	url = {http://www.ncbi.nlm.nih.gov/pubmed/22561454},
	year = {2012},
	type = {Journal Article}
}

@article{Hotelling1937,
	author = {Hotelling, H.},
	title = {Relations Between Two Sets of Variates},
	journal = {Biometrika},
	volume = {28},
	number = {3},
	pages = {321--377},
	year = {1936},
	type = {Journal Article}
}

@article{Huang1999,
	author = {Huang, M. X. and Mosher, J. C. and Leahy, R. M.},
	title = {A sensor-weighted overlapping-sphere head model and exhaustive head model comparison for MEG},
	journal = {Phys Med Biol},
	volume = {44},
	number = {2},
	pages = {423-40},
	url = {http://www.ncbi.nlm.nih.gov/pubmed/10070792},
	year = {1999},
	type = {Journal Article}
}

@article{Hyvarinen1999,
	author = {Hyvarinen, A.},
	title = {Fast and robust fixed-point algorithms for independent component analysis},
	journal = {IEEE Trans Neural Netw},
	volume = {10},
	number = {3},
	pages = {626-34},
	DOI = {10.1109/72.761722},
	url = {http://www.ncbi.nlm.nih.gov/pubmed/18252563},
	year = {1999},
	type = {Journal Article}
}

@article{Jenkinson2012,
	author = {Jenkinson, M. and Beckmann, C. F. and Behrens, T. E. and Woolrich, M. W. and Smith, S. M.},
	title = {Fsl},
	journal = {Neuroimage},
	volume = {62},
	number = {2},
	pages = {782-90},
	DOI = {10.1016/j.neuroimage.2011.09.015},
	url = {http://www.ncbi.nlm.nih.gov/pubmed/21979382},
	year = {2012},
	type = {Journal Article}
}

@article{Josephson1962,
	author = {Josephson, B. D.},
	title = {Possible New Effects in Superconductive Tunnelling},
	journal = {Physics Letters},
	volume = {1},
	number = {7},
	pages = {251-253},
	note = {Wu065
	Times Cited:1954
	Cited References Count:8},
	DOI = {Doi 10.1016/0031-9163(62)91369-0},
	url = {<Go to ISI>://WOS:A1962WU06500005},
	year = {1962},
	type = {Journal Article}
}

@article{Kane2002,
	author = {Kane, M. J. and Engle, R. W.},
	title = {The role of prefrontal cortex in working-memory capacity, executive attention, and general fluid intelligence: an individual-differences perspective},
	journal = {Psychon Bull Rev},
	volume = {9},
	number = {4},
	pages = {637-71},
	url = {http://www.ncbi.nlm.nih.gov/pubmed/12613671},
	year = {2002},
	type = {Journal Article}
}

@article{Kourtzi2001,
	author = {Kourtzi, Z. and Kanwisher, N.},
	title = {Representation of perceived object shape by the human lateral occipital complex},
	journal = {Science},
	volume = {293},
	number = {5534},
	pages = {1506-9},
	DOI = {10.1126/science.1061133},
	url = {http://www.ncbi.nlm.nih.gov/pubmed/11520991},
	year = {2001},
	type = {Journal Article}
}

@article{Lin2006,
	author = {Lin, F. H. and Witzel, T. and Ahlfors, S. P. and Stufflebeam, S. M. and Belliveau, J. W. and Hamalainen, M. S.},
	title = {Assessing and improving the spatial accuracy in MEG source localization by depth-weighted minimum-norm estimates},
	journal = {Neuroimage},
	volume = {31},
	number = {1},
	pages = {160-71},
	DOI = {10.1016/j.neuroimage.2005.11.054},
	url = {http://www.ncbi.nlm.nih.gov/pubmed/16520063},
	year = {2006},
	type = {Journal Article}
}


@article{Liu2010,
	author = {Liu, Z. and Fukunaga, M. and de Zwart, J. A. and Duyn, J. H.},
	title = {Large-scale spontaneous fluctuations and correlations in brain electrical activity observed with magnetoencephalography},
	journal = {NeuroImage},
	volume = {51},
	number = {1},
	pages = {102-11},
	DOI = {10.1016/j.neuroimage.2010.01.092},
	url = {http://www.ncbi.nlm.nih.gov/pubmed/20123024},
	year = {2010},
	type = {Journal Article}
}

@article{Liu2013,
	author = {Liu, X. and Duyn, J. H.},
	title = {Time-varying functional network information extracted from brief instances of spontaneous brain activity},
	journal = {Proc Natl Acad Sci U S A},
	volume = {110},
	number = {11},
	pages = {4392-7},
	DOI = {10.1073/pnas.1216856110},
	url = {http://www.ncbi.nlm.nih.gov/pubmed/23440216},
	year = {2013},
	type = {Journal Article}
}

@article{Luckhoo2012,
	author = {Luckhoo, H. and Hale, J. R. and Stokes, M. G. and Nobre, A. C. and Morris, P. G. and Brookes, M. J. and Woolrich, M. W.},
	title = {Inferring task-related networks using independent component analysis in magnetoencephalography},
	journal = {Neuroimage},
	volume = {62},
	number = {1},
	pages = {530-41},
	DOI = {10.1016/j.neuroimage.2012.04.046},
	url = {http://www.ncbi.nlm.nih.gov/pubmed/22569064},
	year = {2012},
	type = {Journal Article}
}

@article{Maldjian2014,
	author = {Maldjian, J. A. and Davenport, E. M. and Whitlow, C. T.},
	title = {Graph theoretical analysis of resting-state MEG data: Identifying interhemispheric connectivity and the default mode},
	journal = {Neuroimage},
	volume = {96},
	pages = {88-94},
	DOI = {10.1016/j.neuroimage.2014.03.065},
	url = {http://www.ncbi.nlm.nih.gov/pubmed/24699016},
	year = {2014},
	type = {Journal Article}
}

@misc{MacQueen1967,
	author = {MacQueen, J.},
	title = {Some methods for classification and analysis of multivariate observations},
	publisher = {Univ. of Calif. Press},
	pages = {281-297},
	year = {1967},
	type = {Conference Paper}
}

@article{Mantini2007,
	author = {Mantini, D. and Perrucci, M. G. and Del Gratta, C. and Romani, G. L. and Corbetta, M.},
	title = {Electrophysiological signatures of resting state networks in the human brain},
	journal = {Proc Natl Acad Sci U S A},
	volume = {104},
	number = {32},
	pages = {13170-5},
	DOI = {10.1073/pnas.0700668104},
	url = {http://www.ncbi.nlm.nih.gov/pubmed/17670949},
	year = {2007},
	type = {Journal Article}
}

@article{Marzetti2013,
	author = {Marzetti, L. and Della Penna, S. and Snyder, A. Z. and Pizzella, V. and Nolte, G. and de Pasquale, F. and Romani, G. L. and Corbetta, M.},
	title = {Frequency specific interactions of MEG resting state activity within and across brain networks as revealed by the multivariate interaction measure},
	journal = {Neuroimage},
	volume = {79},
	pages = {172-83},
	DOI = {10.1016/j.neuroimage.2013.04.062},
	url = {http://www.ncbi.nlm.nih.gov/pubmed/23631996},
	year = {2013},
	type = {Journal Article}
}

@article{Nolte2004,
	author = {Nolte, G. and Bai, O. and Wheaton, L. and Mari, Z. and Vorbach, S. and Hallett, M.},
	title = {Identifying true brain interaction from EEG data using the imaginary part of coherency},
	journal = {Clin Neurophysiol},
	volume = {115},
	number = {10},
	pages = {2292-307},
	DOI = {10.1016/j.clinph.2004.04.029},
	url = {http://www.ncbi.nlm.nih.gov/pubmed/15351371},
	year = {2004},
	type = {Journal Article}
}

@book{Nunez2006,
  added-at = {2013-01-19T22:44:22.000+0100},
  address = {New York, NY},
  author = {Nunez, P. L. and Srinivasan, R.},
  biburl = {http://www.bibsonomy.org/bibtex/2f1d8dcacfd90852f10dd3624cc7b74b2/lantiq},
  groups = {public},
  interhash = {b8bb0878237a11f8d9ca13a869c6170b},
  intrahash = {f1d8dcacfd90852f10dd3624cc7b74b2},
  keywords = {neuroscience EEG},
  publisher = {Oxford University Press},
  timestamp = {2013-01-19T22:44:22.000+0100},
  title = {Electric Fields of the Brain: The Neurophysics of {EEG}},
  username = {lantiq},
  year = 2006
}

@article{Nystrom2000,
	author = {Nystrom, L. E. and Braver, T. S. and Sabb, F. W. and Delgado, M. R. and Noll, D. C. and Cohen, J. D.},
	title = {Working memory for letters, shapes, and locations: fMRI evidence against stimulus-based regional organization in human prefrontal cortex},
	journal = {Neuroimage},
	volume = {11},
	number = {5 Pt 1},
	pages = {424-46},
	DOI = {10.1006/nimg.2000.0572},
	url = {http://www.ncbi.nlm.nih.gov/pubmed/10806029},
	year = {2000},
	type = {Journal Article}
}

@article{ONeill2015a,
	author = {O'Neill, G. C. and Bauer, M. and Woolrich, M. W. and Morris, P. G. and Barnes, G. R. and Brookes, M. J.},
	title = {Dynamic recruitment of resting state sub-networks},
	journal = {Neuroimage},
	volume = {115},
	pages = {85-95},
	DOI = {10.1016/j.neuroimage.2015.04.030},
	url = {http://www.ncbi.nlm.nih.gov/pubmed/25899137},
	year = {2015},
	type = {Journal Article}
}



@article{ONeill2015b,
	author = {O'Neill, G. C. and Barratt, E. L. and Hunt, B. A. and Tewarie, P. K. and Brookes, M. J.},
	title = {Measuring electrophysiological connectivity by power envelope correlation: a technical review on MEG methods},
	journal = {Phys Med Biol},
	volume = {60},
	number = {21},
	pages = {R271-95},
	DOI = {10.1088/0031-9155/60/21/R271},
	url = {http://www.ncbi.nlm.nih.gov/pubmed/26447925},
	year = {2015},
	type = {Journal Article}
}

@article{Onnes1911,
	author = {Onnes, H. K.},
	title = {Further experiments with liquid helium D - On the change of the electrical resistance of pure metals at very low temperatures, etc V The disappearance of the resistance of mercury},
	journal = {Proceedings of the Koninklijke Akademie Van Wetenschappen Te Amsterdam},
	volume = {14},
	pages = {113-115},
	url = {<Go to ISI>://WOS:000202506700012},
	year = {1911},
	type = {Journal Article}
}

@article{Pascual-Marqui2002,
	author = {Pascual-Marqui, R. D.},
	title = {Standardized low-resolution brain electromagnetic tomography (sLORETA): technical details},
	journal = {Methods Find Exp Clin Pharmacol},
	volume = {24 Suppl D},
	pages = {5-12},
	url = {http://www.ncbi.nlm.nih.gov/pubmed/12575463},
	year = {2002},
	type = {Journal Article}
}

@article{Ploner2009,
	author = {Ploner, M. and Schoffelen, J. M. and Schnitzler, A. and Gross, J.},
	title = {Functional integration within the human pain system as revealed by Granger causality},
	journal = {Hum Brain Mapp},
	volume = {30},
	number = {12},
	pages = {4025-32},
	DOI = {10.1002/hbm.20826},
	url = {http://www.ncbi.nlm.nih.gov/pubmed/19479728},
	year = {2009},
	type = {Journal Article}
}

@article{Popescu2008,
	author = {Popescu, M. and Popescu, E. A. and Chan, T. and Blunt, S. D. and Lewine, J. D.},
	title = {Spatio-temporal reconstruction of bilateral auditory steady-state responses using MEG beamformers},
	journal = {IEEE Trans Biomed Eng},
	volume = {55},
	number = {3},
	pages = {1092-102},
	DOI = {10.1109/TBME.2007.906504},
	url = {http://www.ncbi.nlm.nih.gov/pubmed/18334401},
	year = {2008},
	type = {Journal Article}
}

@article{Prichard1994,
	author = {Prichard, D. and Theiler, J.},
	title = {Generating Surrogate Data for Time-Series with Several Simultaneously Measured Variables},
	journal = {Physical Review Letters},
	volume = {73},
	number = {7},
	pages = {951-954},
	DOI = {DOI 10.1103/PhysRevLett.73.951},
	url = {<Go to ISI>://WOS:A1994PB98800010},
	year = {1994},
	type = {Journal Article}
}

@inbook{Robinson1999,
	author = {Robinson, SE and Vrba, J.},
	title = {Functional neuroimaging by synthetic aperture magnetometry (SAM)},
	booktitle = {Recent advances in biomagnetism},
	editor = {Yoshimoto, T. and Kotani, M. and Kuriki, S and Karibe, H. and Nakasato, N.},
	publisher = {Tohoku University Press},
	address = {Sendai},
	pages = {302-305},
	year = {1999},
	type = {Book Section}
}

@article{Sarvas1987,
	author = {Sarvas, J.},
	title = {Basic mathematical and electromagnetic concepts of the biomagnetic inverse problem},
	journal = {Phys Med Biol},
	volume = {32},
	number = {1},
	pages = {11-22},
	url = {http://www.ncbi.nlm.nih.gov/pubmed/3823129},
	year = {1987},
	type = {Journal Article}
}

@article{Scoffelen2009,
	author = {Schoffelen, J. M. and Gross, J.},
	title = {Source connectivity analysis with MEG and EEG},
	journal = {Hum Brain Mapp},
	volume = {30},
	number = {6},
	pages = {1857-65},
	DOI = {10.1002/hbm.20745},
	url = {http://www.ncbi.nlm.nih.gov/pubmed/19235884},
	year = {2009},
	type = {Journal Article}
}

@article{Scholvinck2013,
	author = {Scholvinck, M. L. and Leopold, D. A. and Brookes, M. J. and Khader, P. H.},
	title = {The contribution of electrophysiology to functional connectivity mapping},
	journal = {Neuroimage},
	volume = {80},
	pages = {297-306},
	DOI = {10.1016/j.neuroimage.2013.04.010},
	url = {http://www.ncbi.nlm.nih.gov/pubmed/23587686},
	year = {2013},
	type = {Journal Article}
}

@article{Seghier2013,
	author = {Seghier, M. L.},
	title = {The angular gyrus: multiple functions and multiple subdivisions},
	journal = {Neuroscientist},
	volume = {19},
	number = {1},
	pages = {43-61},
	DOI = {10.1177/1073858412440596},
	url = {http://www.ncbi.nlm.nih.gov/pubmed/22547530},
	year = {2013},
	type = {Journal Article}
}

@article{Sekihara2001,
	author = {Sekihara, K. and Nagarajan, S. S. and Poeppel, D. and Marantz, A. and Miyashita, Y.},
	title = {Reconstructing spatio-temporal activities of neural sources using an MEG vector beamformer technique},
	journal = {IEEE Trans Biomed Eng},
	volume = {48},
	number = {7},
	pages = {760-71},
	DOI = {10.1109/10.930901},
	url = {http://www.ncbi.nlm.nih.gov/pubmed/11442288},
	year = {2001},
	type = {Journal Article}
}

@article{Sekihara2006,
	author = {Sekihara, K. and Hild, K. E., 2nd and Nagarajan, S. S.},
	title = {A novel adaptive beamformer for MEG source reconstruction effective when large background brain activities exist},
	journal = {IEEE Trans Biomed Eng},
	volume = {53},
	number = {9},
	pages = {1755-64},
	DOI = {10.1109/TBME.2006.878119},
	url = {http://www.ncbi.nlm.nih.gov/pubmed/16941831},
	year = {2006},
	type = {Journal Article}
}

@article{Simoes2003,
	author = {Simoes, C. and Jensen, O. and Parkkonen, L. and Hari, R.},
	title = {Phase locking between human primary and secondary somatosensory cortices},
	journal = {Proc Natl Acad Sci U S A},
	volume = {100},
	number = {5},
	pages = {2691-4},
	DOI = {10.1073/pnas.0437944100},
	url = {http://www.ncbi.nlm.nih.gov/pubmed/12598650},
	year = {2003},
	type = {Journal Article}
}

@article{Smith2012,
	author = {Smith, S. M. and Miller, K. L. and Moeller, S. and Xu, J. and Auerbach, E. J. and Woolrich, M. W. and Beckmann, C. F. and Jenkinson, M. and Andersson, J. and Glasser, M. F. and Van Essen, D. C. and Feinberg, D. A. and Yacoub, E. S. and Ugurbil, K.},
	title = {Temporally-independent functional modes of spontaneous brain activity},
	journal = {Proc Natl Acad Sci U S A},
	volume = {109},
	number = {8},
	pages = {3131-6},
	DOI = {10.1073/pnas.1121329109},
	url = {http://www.ncbi.nlm.nih.gov/pubmed/22323591},
	year = {2012},
	type = {Journal Article}
}

@article{Stam2004,
	author = {Stam, C. J.},
	title = {Functional connectivity patterns of human magnetoencephalographic recordings: a 'small-world' network?},
	journal = {Neurosci Lett},
	volume = {355},
	number = {1-2},
	pages = {25-8},
	url = {http://www.ncbi.nlm.nih.gov/pubmed/14729226},
	year = {2004},
	type = {Journal Article}
}

@article{Stam2007,
	author = {Stam, C. J. and Nolte, G. and Daffertshofer, A.},
	title = {Phase lag index: assessment of functional connectivity from multi channel EEG and MEG with diminished bias from common sources},
	journal = {Hum Brain Mapp},
	volume = {28},
	number = {11},
	pages = {1178-93},
	DOI = {10.1002/hbm.20346},
	url = {http://www.ncbi.nlm.nih.gov/pubmed/17266107},
	year = {2007},
	type = {Journal Article}
}

@article{Soto2009,
	author = {Soto, J. L. and Pantazis, D. and Jerbi, K. and Lachaux, J. P. and Garnero, L. and Leahy, R. M.},
	title = {Detection of event-related modulations of oscillatory brain activity with multivariate statistical analysis of MEG data},
	journal = {Hum Brain Mapp},
	volume = {30},
	number = {6},
	pages = {1922-34},
	DOI = {10.1002/hbm.20765},
	url = {http://www.ncbi.nlm.nih.gov/pubmed/19378281},
	year = {2009},
	type = {Journal Article}
}

@inproceedings{Soto2010,
	author = {Soto, J. L. P. and Pantazis, D. and Jerbi, K. and Baillet, S. and Leahy, R. M.},
	title = {Canonical correlation analysis applied to functional connectivity in MEG},
	booktitle = {Biomedical Imaging: From Nano to Macro, 2010 IEEE International Symposium on},
	pages = {113-116},
	DOI = {10.1109/ISBI.2010.5490400},
	url = {http://ieeexplore.ieee.org/xpl/articleDetails.jsp?arnumber=5490400},
	year = {2010},
	type = {Conference Proceedings}
}

@article{Tewarie2014a,
	author = {Tewarie, P. and Steenwijk, M. D. and Tijms, B. M. and Daams, M. and Balk, L. J. and Stam, C. J. and Uitdehaag, B. M. and Polman, C. H. and Geurts, J. J. and Barkhof, F. and Pouwels, P. J. and Vrenken, H. and Hillebrand, A.},
	title = {Disruption of structural and functional networks in long-standing multiple sclerosis},
	journal = {Hum Brain Mapp},
	volume = {35},
	number = {12},
	pages = {5946-61},
	DOI = {10.1002/hbm.22596},
	url = {http://www.ncbi.nlm.nih.gov/pubmed/25053254},
	year = {2014},
	type = {Journal Article}
}

@article{Tewarie2016,
	author = {Tewarie, P. K. and Bright, M. G. and Hillebrand, A. and Robson, S. E. and Gascoyne, L.E. and Morris, P.G. and Meier, J. and Van Mieghem, P. and Brookes, M.J.},
	title = {Predicting haemodynamic networks using electrophysiology: the role of non-linear and cross-frequency interactions},
	journal = {Neuroimage},
	volume = {Submitted, in review.},
	year = {2016},
	type = {Journal Article}
}

@article{Tikhonov1943,
	author = {Tikhonov, A. N.},
	title = {On the stability of inverse problems},
	journal = {Comptes Rendus De L Academie Des Sciences De L Urss},
	volume = {39},
	pages = {176-179},
	url = {<Go to ISI>://WOS:000201918000045},
	year = {1943},
	type = {Journal Article}
}

@article{Tzourio-Mazoyer2002,
	author = {Tzourio-Mazoyer, N. and Landeau, B. and Papathanassiou, D. and Crivello, F. and Etard, O. and Delcroix, N. and Mazoyer, B. and Joliot, M.},
	title = {Automated anatomical labeling of activations in SPM using a macroscopic anatomical parcellation of the MNI MRI single-subject brain},
	journal = {Neuroimage},
	volume = {15},
	number = {1},
	pages = {273-89},
	DOI = {10.1006/nimg.2001.0978},
	url = {http://www.ncbi.nlm.nih.gov/pubmed/11771995},
	year = {2002},
	type = {Journal Article}
}

@article{VanVeen1997,
	author = {Van Veen, B. D. and van Drongelen, W. and Yuchtman, M. and Suzuki, A.},
	title = {Localization of brain electrical activity via linearly constrained minimum variance spatial filtering},
	journal = {IEEE Trans Biomed Eng},
	volume = {44},
	number = {9},
	pages = {867-80},
	DOI = {10.1109/10.623056},
	url = {http://www.ncbi.nlm.nih.gov/pubmed/9282479},
	year = {1997},
	type = {Journal Article}
}

@article{VanEde2014,
	author = {van Ede, F. and Szebenyi, S. and Maris, E.},
	title = {Attentional modulations of somatosensory alpha, beta and gamma oscillations dissociate between anticipation and stimulus processing},
	journal = {Neuroimage},
	volume = {97},
	pages = {134-41},
	DOI = {10.1016/j.neuroimage.2014.04.047},
	url = {http://www.ncbi.nlm.nih.gov/pubmed/24769186},
	year = {2014},
	type = {Journal Article}
}

@article{Vidaurre2016,
	author = {Vidaurre, Diego and Quinn, Andrew J. and Baker, Adam P. and Dupret, David and Tejero-Cantero, Alvaro and Woolrich, Mark W.},
	title = {Spectrally resolved fast transient brain states in electrophysiological data},
	journal = {NeuroImage},
	volume = {126},
	pages = {81-95},
	DOI = {http://dx.doi.org/10.1016/j.neuroimage.2015.11.047},
	url = {http://www.sciencedirect.com/science/article/pii/S1053811915010691},
	year = {2016},
	type = {Journal Article}
}

@article{Vigneau2006,
	author = {Vigneau, M. and Beaucousin, V. and Herve, P. Y. and Duffau, H. and Crivello, F. and Houde, O. and Mazoyer, B. and Tzourio-Mazoyer, N.},
	title = {Meta-analyzing left hemisphere language areas: phonology, semantics, and sentence processing},
	journal = {Neuroimage},
	volume = {30},
	number = {4},
	pages = {1414-32},
	DOI = {10.1016/j.neuroimage.2005.11.002},
	url = {http://www.ncbi.nlm.nih.gov/pubmed/16413796},
	year = {2006},
	type = {Journal Article}
}

@article{Wens2014a,
	author = {Wens, V. and Bourguignon, M. and Goldman, S. and Marty, B. and Op de Beeck, M. and Clumeck, C. and Mary, A. and Peigneux, P. and Van Bogaert, P. and Brookes, M. J. and De Tiege, X.},
	title = {Inter- and Intra-Subject Variability of Neuromagnetic Resting State Networks},
	journal = {Brain Topogr},
	DOI = {10.1007/s10548-014-0364-8},
	url = {http://www.ncbi.nlm.nih.gov/pubmed/24777562},
	year = {2014},
	type = {Journal Article}
}

@article{Wens2015,
	author = {Wens, V. and Marty, B. and Mary, A. and Bourguignon, M. and Op de Beeck, M. and Goldman, S. and Van Bogaert, P. and Peigneux, P. and De Tiege, X.},
	title = {A geometric correction scheme for spatial leakage effects in MEG/EEG seed-based functional connectivity mapping},
	journal = {Hum Brain Mapp},
	volume = {36},
	number = {11},
	pages = {4604-21},
	DOI = {10.1002/hbm.22943},
	url = {http://www.ncbi.nlm.nih.gov/pubmed/26331630},
	year = {2015},
	type = {Journal Article}
}

@article{Woolrich2013,
	author = {Woolrich, M. W. and Baker, A. and Luckhoo, H. and Mohseni, H. and Barnes, G. and Brookes, M. and Rezek, I.},
	title = {Dynamic state allocation for MEG source reconstruction},
	journal = {Neuroimage},
	volume = {77},
	pages = {77-92},
	DOI = {10.1016/j.neuroimage.2013.03.036},
	url = {http://www.ncbi.nlm.nih.gov/pubmed/23545283},
	year = {2013},
	type = {Journal Article}
}

@article{Raichle2001,
	author = {Raichle, M. E. and MacLeod, A. M. and Snyder, A. Z. and Powers, W. J. and Gusnard, D. A. and Shulman, G. L.},
	title = {A default mode of brain function},
	journal = {Proc Natl Acad Sci U S A},
	volume = {98},
	number = {2},
	pages = {676-82},
	DOI = {10.1073/pnas.98.2.676},
	url = {http://www.ncbi.nlm.nih.gov/pubmed/11209064},
	year = {2001},
	type = {Journal Article}
}

@article{Fox2005,
	author = {Fox, M. D. and Snyder, A. Z. and Vincent, J. L. and Corbetta, M. and Van Essen, D. C. and Raichle, M. E.},
	title = {The human brain is intrinsically organized into dynamic, anticorrelated functional networks},
	journal = {Proc Natl Acad Sci U S A},
	volume = {102},
	number = {27},
	pages = {9673-8},
	DOI = {10.1073/pnas.0504136102},
	url = {http://www.ncbi.nlm.nih.gov/pubmed/15976020},
	year = {2005},
	type = {Journal Article}
}

@article{Beckmann2005,
	author = {Beckmann, C. F. and DeLuca, M. and Devlin, J. T. and Smith, S. M.},
	title = {Investigations into resting-state connectivity using independent component analysis},
	journal = {Philos Trans R Soc Lond B Biol Sci},
	volume = {360},
	number = {1457},
	pages = {1001-13},
	DOI = {10.1098/rstb.2005.1634},
	url = {http://www.ncbi.nlm.nih.gov/pubmed/16087444},
	year = {2005},
	type = {Journal Article}
}

@article{Smith2009,
	author = {Smith, S. M. and Fox, P. T. and Miller, K. L. and Glahn, D. C. and Fox, P. M. and Mackay, C. E. and Filippini, N. and Watkins, K. E. and Toro, R. and Laird, A. R. and Beckmann, C. F.},
	title = {Correspondence of the brain's functional architecture during activation and rest},
	journal = {Proc Natl Acad Sci U S A},
	volume = {106},
	number = {31},
	pages = {13040-5},
	DOI = {10.1073/pnas.0905267106},
	url = {http://www.ncbi.nlm.nih.gov/pubmed/19620724},
	year = {2009},
	type = {Journal Article}
}

@article{Bola2015,
	author = {Bola, M. and Sabel, B. A.},
	title = {Dynamic reorganization of brain functional networks during cognition},
	journal = {Neuroimage},
	volume = {114},
	pages = {398-413},
	DOI = {10.1016/j.neuroimage.2015.03.057},
	url = {http://www.ncbi.nlm.nih.gov/pubmed/25828884},
	year = {2015},
	type = {Journal Article}
}

@article{Hassan2015,
	author = {Hassan, M. and Benquet, P. and Biraben, A. and Berrou, C. and Dufor, O. and Wendling, F.},
	title = {Dynamic reorganization of functional brain networks during picture naming},
	journal = {Cortex},
	volume = {73},
	pages = {276-288},
	DOI = {10.1016/j.cortex.2015.08.019},
	url = {http://www.ncbi.nlm.nih.gov/pubmed/26478964},
	year = {2015},
	type = {Journal Article}
}

@article{Smith2015,
	author = {Smith, S. M. and Nichols, T. E. and Vidaurre, D. and Winkler, A. M. and Behrens, T. E. and Glasser, M. F. and Ugurbil, K. and Barch, D. M. and Van Essen, D. C. and Miller, K. L.},
	title = {A positive-negative mode of population covariation links brain connectivity, demographics and behavior},
	journal = {Nat Neurosci},
	volume = {18},
	number = {11},
	pages = {1565-7},
	DOI = {10.1038/nn.4125},
	url = {http://www.ncbi.nlm.nih.gov/pubmed/26414616},
	year = {2015},
	type = {Journal Article}
}

@book{Sekihara2008,
	author = {Sekihara, K. and Nagarajan, S. S.},
	title = {Adaptive Spatial Filters for Electromagnetic Brain Imaging},
	publisher = {Springer Berlin Heidelberg},
	year = {2008},
	type = {Book}
}

@article{Pavla2010,
	author = {Palva, J. M. and Monto, S. and Kulashekhar, S. and Palva, S.},
	title = {Neuronal synchrony reveals working memory networks and predicts individual memory capacity},
	journal = {Proc Natl Acad Sci U S A},
	volume = {107},
	number = {16},
	pages = {7580-5},
	DOI = {10.1073/pnas.0913113107},
	url = {http://www.ncbi.nlm.nih.gov/pubmed/20368447},
	year = {2010},
	type = {Journal Article}
}

@article{Barnes2003,
	author = {Barnes, G. R. and Hillebrand, A.},
	title = {Statistical flattening of MEG beamformer images},
	journal = {Hum Brain Mapp},
	volume = {18},
	number = {1},
	pages = {1-12},
	DOI = {10.1002/hbm.10072},
	url = {http://www.ncbi.nlm.nih.gov/pubmed/12454907},
	year = {2003},
	type = {Journal Article}
}

@article{Mosher2003,
	author = {Mosher, J. C. and Baillet, S. and Leahy, R. M.},
	title = {Equivalence of linear approaches in bioelectromagnetic inverse solutions},
	journal = {Proceedings of the 2003 Ieee Workshop on Statistical Signal Processing},
	pages = {294-297},
	url = {<Go to ISI>://WOS:000189451000084},
	year = {2003},
	type = {Journal Article}
}

@article{Gross2001,
	author = {Gross, J. and Kujala, J. and Hamalainen, M. and Timmermann, L. and Schnitzler, A. and Salmelin, R.},
	title = {Dynamic imaging of coherent sources: Studying neural interactions in the human brain},
	journal = {Proc Natl Acad Sci U S A},
	volume = {98},
	number = {2},
	pages = {694-9},
	DOI = {10.1073/pnas.98.2.694},
	url = {http://www.ncbi.nlm.nih.gov/pubmed/11209067},
	year = {2001},
	type = {Journal Article}
}

@article{Mantini2007,
	author = {Mantini, D. and Franciotti, R. and Romani, G. L. and Pizzella, V.},
	title = {Improving MEG source localizations: an automated method for complete artifact removal based on independent component analysis},
	journal = {Neuroimage},
	volume = {40},
	number = {1},
	pages = {160-73},
	DOI = {10.1016/j.neuroimage.2007.11.022},
	url = {http://www.ncbi.nlm.nih.gov/pubmed/18155928},
	year = {2008},
	type = {Journal Article}
}

@article{Friston2011,
	author = {Friston, K. J.},
	title = {Functional and effective connectivity: a review},
	journal = {Brain Connect},
	volume = {1},
	number = {1},
	pages = {13-36},
	DOI = {10.1089/brain.2011.0008},
	url = {http://www.ncbi.nlm.nih.gov/pubmed/22432952},
	year = {2011},
	type = {Journal Article}
}

@article{Goldman1943,
	author = {Goldman, D. E.},
	title = {Potential, Impedance, and Rectification in Membranes},
	journal = {J Gen Physiol},
	volume = {27},
	number = {1},
	pages = {37-60},
	url = {http://www.ncbi.nlm.nih.gov/pubmed/19873371},
	year = {1943},
	type = {Journal Article}
}

@article{Meissner1933,
	author = {Meissner, W. and Ochsenfeld, R.},
	title = {A new effect upon the occurrence of superconductivity},
	journal = {Naturwissenschaften},
	volume = {21},
	pages = {787-788},
	url = {<Go to ISI>://WOS:000200261900318},
	year = {1933},
	type = {Journal Article}
}

@article{Rjabinin1935,
	author = {Rjabinin, J. N. and Shubnikow, L. W.},
	title = {Magnetic properties and critical currents of supraconducting alloys},
	journal = {Nature},
	volume = {135},
	pages = {581-582},
	DOI = {DOI 10.1038/135581a0},
	url = {<Go to ISI>://WOS:000189300900328},
	year = {1935},
	type = {Journal Article}
}

@article{Forgacs1967,
	author = {Forgacs, R. L. and Warnick, A.},
	title = {Digital-Analog Magnetometer Utilizing Superconducting Sensor},
	journal = {Review of Scientific Instruments},
	volume = {38},
	number = {2},
	pages = {214-220},
	ISSN = {0034-6748},
	DOI = {Doi 10.1063/1.1771358},
	url = {<Go to ISI>://WOS:A19678981300011},
	year = {1967},
	type = {Journal Article}
}

@article{Vrba1982,
	author = {Vrba, J. and Fife, A. A. and Burbank, M. B.},
	title = {Spatial Discrimination in Squid Gradiometers and 3rd Order Gradiometer Performance},
	journal = {Canadian Journal of Physics},
	volume = {60},
	number = {7},
	pages = {1060-1073},
	note = {Nz510
	Times Cited:29
	Cited References Count:17},
	ISSN = {0008-4204},
	url = {<Go to ISI>://WOS:A1982NZ51000017},
	year = {1982},
	type = {Journal Article}
}

@article{Vrba1991,
	author = {Vrba, J. and Haid, G. and Lee, S. and Taylor, B. and Fife, A. A. and Kubik, P. and McCubbin, J. and Burbank, M. B.},
	title = {Biomagnetometers for unshielded and well shielded environments},
	journal = {Clin Phys Physiol Meas},
	volume = {12 Suppl B},
	pages = {81-6},
	url = {http://www.ncbi.nlm.nih.gov/pubmed/1807884},
	year = {1991},
	type = {Journal Article}
}

@article{Vrba2001,
	author = {Vrba, J. and Robinson, S. E.},
	title = {Signal processing in magnetoencephalography},
	journal = {Methods},
	volume = {25},
	number = {2},
	pages = {249-71},
	DOI = {10.1006/meth.2001.1238},
	url = {http://www.ncbi.nlm.nih.gov/pubmed/11812209},
	year = {2001},
	type = {Journal Article}
}

@article{BrantZawadzki1992,
	author = {Brant-Zawadzki, M. and Gillan, G. D. and Nitz, W. R.},
	title = {MP RAGE: a three-dimensional, T1-weighted, gradient-echo sequence--initial experience in the brain},
	journal = {Radiology},
	volume = {182},
	number = {3},
	pages = {769-75},
	DOI = {10.1148/radiology.182.3.1535892},
	url = {http://www.ncbi.nlm.nih.gov/pubmed/1535892},
	year = {1992},
	type = {Journal Article}
}

@article{Besl1992,
	author = {Besl, P. J. and Mckay, N. D.},
	title = {A Method for Registration of 3-D Shapes},
	journal = {Ieee Transactions on Pattern Analysis and Machine Intelligence},
	volume = {14},
	number = {2},
	pages = {239-256},
	DOI = {Doi 10.1109/34.121791},
	url = {<Go to ISI>://WOS:A1992HC02900010},
	year = {1992},
	type = {Journal Article}
}

@book{Bear1996,
	address = {Baltimore},
	author = {Bear, M. F. and Conners, B. W. and Paradiso, M. A.},
	booktitle = {Neuroscience: Exploring the Brain.},
	publisher = {Williams \& Wilkins},
	title = {Neuroscience: Exploring the Brain.},
	year = 1996
}

@book{Scott1977,
	address = {New York},
	author = {Scott, A. C.},
	booktitle = {Neurophysics},
	publisher = {Williams \& Wilkins},
	title = {Neurophysics},
	year = 1977
}

@article{Vrba1999,
	author = {Vrba, J.},
	title = {Multichannel squid biomagnetic systems},
	journal = {Applications of Superconductivity},
	volume = {365},
	pages = {61-138},
	year = {1999},
	type = {Journal Article}
}

@article{Kuhnis2014,
	author = {Kuhnis, J. and Elmer, S. and Jancke, L.},
	title = {Auditory evoked responses in musicians during passive vowel listening are modulated by functional connectivity between bilateral auditory-related brain regions},
	journal = {J Cogn Neurosci},
	volume = {26},
	number = {12},
	pages = {2750-61},
	DOI = {10.1162/jocn_a_00674},
	url = {http://www.ncbi.nlm.nih.gov/pubmed/24893742},
	year = {2014},
	type = {Journal Article}
}

@article{Matsumoto2004,
	author = {Matsumoto, R. and Nair, D. R. and LaPresto, E. and Najm, I. and Bingaman, W. and Shibasaki, H. and Luders, H. O.},
	title = {Functional connectivity in the human language system: a cortico-cortical evoked potential study},
	journal = {Brain},
	volume = {127},
	number = {Pt 10},
	pages = {2316-30},
	DOI = {10.1093/brain/awh246},
	url = {http://www.ncbi.nlm.nih.gov/pubmed/15269116},
	year = {2004},
	type = {Journal Article}
}

@article{Berger1929,
	author = {Berger, Hans},
	title = {Über das Elektrenkephalogramm des Menschen},
	journal = {Archiv für Psychiatrie und Nervenkrankheiten},
	volume = {87},
	number = {1},
	pages = {527-570},
	ISSN = {0003-9373},
	DOI = {10.1007/BF01797193},
	url = {http://dx.doi.org/10.1007/BF01797193},
	year = {1929},
	type = {Journal Article}
}

@article{Pfurtscheller1999,
	author = {Pfurtscheller, G. and Lopes da Silva, F. H.},
	title = {Event-related EEG/MEG synchronization and desynchronization: basic principles},
	journal = {Clin Neurophysiol},
	volume = {110},
	number = {11},
	pages = {1842-57},
	url = {http://www.ncbi.nlm.nih.gov/pubmed/10576479},
	year = {1999},
	type = {Journal Article}
}

@article{Singh2002,
	author = {Singh, K. D. and Barnes, G. R. and Hillebrand, A. and Forde, E. M. and Williams, A. L.},
	title = {Task-related changes in cortical synchronization are spatially coincident with the hemodynamic response},
	journal = {Neuroimage},
	volume = {16},
	number = {1},
	pages = {103-14},
	DOI = {10.1006/nimg.2001.1050},
	url = {http://www.ncbi.nlm.nih.gov/pubmed/11969322},
	year = {2002},
	type = {Journal Article}
}

@article{vanBurik1999,
	author = {van Burik, M. and Pfurtscheller, G.},
	title = {Functional imaging of postmovement beta event-related synchronization},
	journal = {J Clin Neurophysiol},
	volume = {16},
	number = {4},
	pages = {383-90},
	url = {http://www.ncbi.nlm.nih.gov/pubmed/10478711},
	year = {1999},
	type = {Journal Article}
}

@article{Ahlfors1992,
	author = {Ahlfors, S. P. and Ilmoniemi, R. J. and Hamalainen, M. S.},
	title = {Estimates of visually evoked cortical currents},
	journal = {Electroencephalogr Clin Neurophysiol},
	volume = {82},
	number = {3},
	pages = {225-36},
	url = {http://www.ncbi.nlm.nih.gov/pubmed/1371444},
	year = {1992},
	type = {Journal Article}
}

@article{Hari1990,
	author = {Hari, R. and Hamalainen, H. and Hamalainen, M. and Kekoni, J. and Sams, M. and Tiihonen, J.},
	title = {Separate finger representations at the human second somatosensory cortex},
	journal = {Neuroscience},
	volume = {37},
	number = {1},
	pages = {245-9},
	url = {http://www.ncbi.nlm.nih.gov/pubmed/2243596},
	year = {1990},
	type = {Journal Article}
}

@article{Makela1990,
	author = {Makela, J. P. and Hari, R.},
	title = {Long-latency auditory evoked magnetic fields},
	journal = {Adv Neurol},
	volume = {54},
	pages = {177-91},
	url = {http://www.ncbi.nlm.nih.gov/pubmed/2270803},
	year = {1990},
	type = {Journal Article}
}

@article{Lachaux1999,
	author = {Lachaux, J. P. and Rodriguez, E. and Martinerie, J. and Varela, F. J.},
	title = {Measuring phase synchrony in brain signals},
	journal = {Hum Brain Mapp},
	volume = {8},
	number = {4},
	pages = {194-208},
	url = {http://www.ncbi.nlm.nih.gov/pubmed/10619414},
	year = {1999},
	type = {Journal Article}
}

@article{Canolty2006,
	author = {Canolty, R. T. and Edwards, E. and Dalal, S. S. and Soltani, M. and Nagarajan, S. S. and Kirsch, H. E. and Berger, M. S. and Barbaro, N. M. and Knight, R. T.},
	title = {High gamma power is phase-locked to theta oscillations in human neocortex},
	journal = {Science},
	volume = {313},
	number = {5793},
	pages = {1626-8},
	DOI = {10.1126/science.1128115},
	url = {http://www.ncbi.nlm.nih.gov/pubmed/16973878},
	year = {2006},
	type = {Journal Article}
}

@article{Florin2015,
	author = {Florin, E. and Baillet, S.},
	title = {The brain's resting-state activity is shaped by synchronized cross-frequency coupling of neural oscillations},
	journal = {Neuroimage},
	volume = {111},
	pages = {26-35},
	DOI = {10.1016/j.neuroimage.2015.01.054},
	url = {http://www.ncbi.nlm.nih.gov/pubmed/25680519},
	year = {2015},
	type = {Journal Article}
}

@article{vanWijk2014,
	author = {van Wijk, B. C. and Fitzgerald, T. H.},
	title = {Thalamo-cortical cross-frequency coupling detected with MEG},
	journal = {Front Hum Neurosci},
	volume = {8},
	pages = {187},
	DOI = {10.3389/fnhum.2014.00187},
	url = {http://www.ncbi.nlm.nih.gov/pubmed/24765072},
	year = {2014},
	type = {Journal Article}
}

@article{Canolty2010,
	author = {Canolty, R. T. and Knight, R. T.},
	title = {The functional role of cross-frequency coupling},
	journal = {Trends Cogn Sci},
	volume = {14},
	number = {11},
	pages = {506-15},
	DOI = {10.1016/j.tics.2010.09.001},
	url = {http://www.ncbi.nlm.nih.gov/pubmed/20932795},
	year = {2010},
	type = {Journal Article}
}


@article{Logothetis2001,
	author = {Logothetis, N. K. and Pauls, J. and Augath, M. and Trinath, T. and Oeltermann, A.},
	title = {Neurophysiological investigation of the basis of the fMRI signal},
	journal = {Nature},
	volume = {412},
	number = {6843},
	pages = {150-7},
	DOI = {10.1038/35084005},
	url = {http://www.ncbi.nlm.nih.gov/pubmed/11449264},
	year = {2001},
	type = {Journal Article}
}

@article{Moradi2003,
	author = {Moradi, F. and Liu, L. C. and Cheng, K. and Waggoner, R. A. and Tanaka, K. and Ioannides, A. A.},
	title = {Consistent and precise localization of brain activity in human primary visual cortex by MEG and fMRI},
	journal = {Neuroimage},
	volume = {18},
	number = {3},
	pages = {595-609},
	url = {http://www.ncbi.nlm.nih.gov/pubmed/12667837},
	year = {2003},
	type = {Journal Article}
}

@article{Mukamel2005,
	author = {Mukamel, R. and Gelbard, H. and Arieli, A. and Hasson, U. and Fried, I. and Malach, R.},
	title = {Coupling between neuronal firing, field potentials, and FMRI in human auditory cortex},
	journal = {Science},
	volume = {309},
	number = {5736},
	pages = {951-4},
	DOI = {10.1126/science.1110913},
	url = {http://www.ncbi.nlm.nih.gov/pubmed/16081741},
	year = {2005},
	type = {Journal Article}
}

@article{Muthukumaraswamy2008,
	author = {Muthukumaraswamy, S. D. and Singh, K. D.},
	title = {Spatiotemporal frequency tuning of BOLD and gamma band MEG responses compared in primary visual cortex},
	journal = {Neuroimage},
	volume = {40},
	number = {4},
	pages = {1552-60},
	DOI = {10.1016/j.neuroimage.2008.01.052},
	url = {http://www.ncbi.nlm.nih.gov/pubmed/18337125},
	year = {2008},
	type = {Journal Article}
}

@article{Stevenson2011,
	author = {Stevenson, C. M. and Brookes, M. J. and Morris, P. G.},
	title = {beta-Band correlates of the fMRI BOLD response},
	journal = {Hum Brain Mapp},
	volume = {32},
	number = {2},
	pages = {182-97},
	DOI = {10.1002/hbm.21016},
	url = {http://www.ncbi.nlm.nih.gov/pubmed/21229612},
	year = {2011},
	type = {Journal Article}
}

@article{Stevenson2012,
	author = {Stevenson, C. M. and Wang, F. and Brookes, M. J. and Zumer, J. M. and Francis, S. T. and Morris, P. G.},
	title = {Paired pulse depression in the somatosensory cortex: associations between MEG and BOLD fMRI},
	journal = {Neuroimage},
	volume = {59},
	number = {3},
	pages = {2722-32},
	DOI = {10.1016/j.neuroimage.2011.10.037},
	url = {http://www.ncbi.nlm.nih.gov/pubmed/22036680},
	year = {2012},
	type = {Journal Article}
}

@article{Winterer2007,
	author = {Winterer, G. and Carver, F. W. and Musso, F. and Mattay, V. and Weinberger, D. R. and Coppola, R.},
	title = {Complex relationship between BOLD signal and synchronization/desynchronization of human brain MEG oscillations},
	journal = {Hum Brain Mapp},
	volume = {28},
	number = {9},
	pages = {805-16},
	DOI = {10.1002/hbm.20322},
	url = {http://www.ncbi.nlm.nih.gov/pubmed/17133396},
	year = {2007},
	type = {Journal Article}
}

@article{Zumer2010,
	author = {Zumer, J. M. and Brookes, M. J. and Stevenson, C. M. and Francis, S. T. and Morris, P. G.},
	title = {Relating BOLD fMRI and neural oscillations through convolution and optimal linear weighting},
	journal = {Neuroimage},
	volume = {49},
	number = {2},
	pages = {1479-89},
	DOI = {10.1016/j.neuroimage.2009.09.020},
	url = {http://www.ncbi.nlm.nih.gov/pubmed/19778617},
	year = {2010},
	type = {Journal Article}
}

@article{Brookes2005,
	author = {Brookes, M. J. and Gibson, A. M. and Hall, S. D. and Furlong, P. L. and Barnes, G. R. and Hillebrand, A. and Singh, K. D. and Holliday, I. E. and Francis, S. T. and Morris, P. G.},
	title = {GLM-beamformer method demonstrates stationary field, alpha ERD and gamma ERS co-localisation with fMRI BOLD response in visual cortex},
	journal = {Neuroimage},
	volume = {26},
	number = {1},
	pages = {302-8},
	DOI = {10.1016/j.neuroimage.2005.01.050},
	url = {http://www.ncbi.nlm.nih.gov/pubmed/15862231},
	year = {2005},
	type = {Journal Article}
}

@article{Hall2014,
	author = {Hall, E. L. and Robson, S. E. and Morris, P. G. and Brookes, M. J.},
	title = {The relationship between MEG and fMRI},
	journal = {NeuroImage},
	volume = {102 Pt 1},
	pages = {80-91},
	DOI = {10.1016/j.neuroimage.2013.11.005},
	url = {http://www.ncbi.nlm.nih.gov/pubmed/24239589},
	year = {2014},
	type = {Journal Article}
}

@article{Leopold2003,
	author = {Leopold, D. A. and Murayama, Y. and Logothetis, N. K.},
	title = {Very slow activity fluctuations in monkey visual cortex: implications for functional brain imaging},
	journal = {Cereb Cortex},
	volume = {13},
	number = {4},
	pages = {422-33},
	url = {http://www.ncbi.nlm.nih.gov/pubmed/12631571},
	year = {2003},
	type = {Journal Article}
}


@article{Freeman2004,
	author = {Freeman, W. J.},
	title = {Origin, structure, and role of background EEG activity. Part 1. Analytic amplitude},
	journal = {Clin Neurophysiol},
	volume = {115},
	number = {9},
	pages = {2077-88},
	DOI = {10.1016/j.clinph.2004.02.029},
	url = {http://www.ncbi.nlm.nih.gov/pubmed/15294210},
	year = {2004},
	type = {Journal Article}
}

@article{Kiebel2005,
	author = {Kiebel, S. J. and Tallon-Baudry, C. and Friston, K. J.},
	title = {Parametric analysis of oscillatory activity as measured with EEG/MEG},
	journal = {Hum Brain Mapp},
	volume = {26},
	number = {3},
	pages = {170-7},
	DOI = {10.1002/hbm.20153},
	url = {http://www.ncbi.nlm.nih.gov/pubmed/15929085},
	year = {2005},
	type = {Journal Article}
}

@article{Quyen2001,
	author = {Le Van Quyen, Michel and Foucher, Jack and Lachaux, Jean-Philippe and Rodriguez, Eugenio and Lutz, Antoine and Martinerie, Jacques and Varela, Francisco J.},
	title = {Comparison of Hilbert transform and wavelet methods for the analysis of neuronal synchrony},
	journal = {Journal of Neuroscience Methods},
	volume = {111},
	number = {2},
	pages = {83-98},
	DOI = {http://dx.doi.org/10.1016/S0165-0270(01)00372-7},
	url = {http://www.sciencedirect.com/science/article/pii/S0165027001003727},
	year = {2001},
	type = {Journal Article}
}

@article{Stockwell1996,
	author = {Stockwell, R. G. and Mansinha, L. and Lowe, R. P.},
	title = {Localization of the complex spectrum: The S transform},
	journal = {Ieee Transactions on Signal Processing},
	volume = {44},
	number = {4},
	pages = {998-1001},
	DOI = {Doi 10.1109/78.492555},
	url = {<Go to ISI>://WOS:A1996UJ69500026},
	year = {1996},
	type = {Journal Article}
}

@article{Tass1998,
	author = {Tass, P. and Rosenblum, M. G. and Weule, J. and Kurths, J. and Pikovsky, A. and Volkmann, J. and Schnitzler, A. and Freund, H. J.},
	title = {Detection of n:m Phase Locking from Noisy Data: Application to Magnetoencephalography},
	journal = {Physical Review Letters},
	volume = {81},
	number = {15},
	pages = {3291-3294},
	note = {PRL},
	url = {http://link.aps.org/doi/10.1103/PhysRevLett.81.3291},
	year = {1998},
	type = {Journal Article}
}

@article{Lowdin1950,
	author = {Löwdin, P. O.},
	title = {On the Non-Orthogonality Problem Connected with the Use of Atomic Wave Functions in the Theory of Molecules and Crystals},
	journal = {Journal of Chemical Physics},
	volume = {18},
	number = {3},
	pages = {365-375},
	note = {Ub814
	Times Cited:2049
	Cited References Count:31},
	ISSN = {0021-9606},
	url = {<Go to ISI>://WOS:A1950UB81400020},
	year = {1950},
	type = {Journal Article}
}

@article{Mayer2002,
	author = {Mayer, I.},
	title = {On Lowdin's method of symmetric orthogonalization},
	journal = {International Journal of Quantum Chemistry},
	volume = {90},
	number = {1},
	pages = {63-65},
	DOI = {Doi 10.1002/Qua.981},
	url = {<Go to ISI>://WOS:000177860300008},
	year = {2002},
	type = {Journal Article}
}

@article{Nolte2008,
	author = {Nolte, G. and Ziehe, A. and Nikulin, V. V. and Schlogl, A. and Kramer, N. and Brismar, T. and Muller, K. R.},
	title = {Robustly estimating the flow direction of information in complex physical systems},
	journal = {Phys Rev Lett},
	volume = {100},
	number = {23},
	pages = {234101},
	DOI = {10.1103/PhysRevLett.100.234101},
	url = {http://www.ncbi.nlm.nih.gov/pubmed/18643502},
	year = {2008},
	type = {Journal Article}
}

@article{Vinck2011,
	author = {Vinck, M. and Oostenveld, R. and van Wingerden, M. and Battaglia, F. and Pennartz, C. M.},
	title = {An improved index of phase-synchronization for electrophysiological data in the presence of volume-conduction, noise and sample-size bias},
	journal = {Neuroimage},
	volume = {55},
	number = {4},
	pages = {1548-65},
	DOI = {10.1016/j.neuroimage.2011.01.055},
	url = {http://www.ncbi.nlm.nih.gov/pubmed/21276857},
	year = {2011},
	type = {Journal Article}
}

@article{Ewald2012,
	author = {Ewald, A. and Marzetti, L. and Zappasodi, F. and Meinecke, F. C. and Nolte, G.},
	title = {Estimating true brain connectivity from EEG/MEG data invariant to linear and static transformations in sensor space},
	journal = {Neuroimage},
	volume = {60},
	number = {1},
	pages = {476-88},
	DOI = {10.1016/j.neuroimage.2011.11.084},
	url = {http://www.ncbi.nlm.nih.gov/pubmed/22178298},
	year = {2012},
	type = {Journal Article}
}

@article{Lyubushin1998,
	author = {Lyubushin, A. A.},
	title = {Analysis of canonical coherences in the problems of geophysical monitoring},
	journal = {Fizika Zemli},
	number = {1},
	pages = {59-66},
	note = {Yx556
	Times Cited:7
	Cited References Count:9},
	keywords = {systems},
	ISSN = {0002-3337},
	url = {<Go to ISI>://WOS:000072052400008},
	year = {1998},
	type = {Journal Article}
}

@article{Engel2013,
	author = {Engel, A. K. and Gerloff, C. and Hilgetag, C. C. and Nolte, G.},
	title = {Intrinsic coupling modes: multiscale interactions in ongoing brain activity},
	journal = {Neuron},
	volume = {80},
	number = {4},
	pages = {867-86},
	DOI = {10.1016/j.neuron.2013.09.038},
	url = {http://www.ncbi.nlm.nih.gov/pubmed/24267648},
	year = {2013},
	type = {Journal Article}
}

@article{Scholvinck2013,
	author = {Scholvinck, M. L. and Leopold, D. A. and Brookes, M. J. and Khader, P. H.},
	title = {The contribution of electrophysiology to functional connectivity mapping},
	journal = {Neuroimage},
	volume = {80},
	pages = {297-306},
	DOI = {10.1016/j.neuroimage.2013.04.010},
	url = {http://www.ncbi.nlm.nih.gov/pubmed/23587686},
	year = {2013},
	type = {Journal Article}
}

@article{Nir2008,
	author = {Nir, Y. and Mukamel, R. and Dinstein, I. and Privman, E. and Harel, M. and Fisch, L. and Gelbard-Sagiv, H. and Kipervasser, S. and Andelman, F. and Neufeld, M. Y. and Kramer, U. and Arieli, A. and Fried, I. and Malach, R.},
	title = {Interhemispheric correlations of slow spontaneous neuronal fluctuations revealed in human sensory cortex},
	journal = {Nat Neurosci},
	volume = {11},
	number = {9},
	pages = {1100-8},
	ISSN = {1546-1726 (Electronic)
	1097-6256 (Linking)},
	url = {http://www.ncbi.nlm.nih.gov/pubmed/19160509},
	year = {2008},
	type = {Journal Article}
}

@article{Gross2001,
	author = {Gross, J. and Kujala, J. and Hamalainen, M. and Timmermann, L. and Schnitzler, A. and Salmelin, R.},
	title = {Dynamic imaging of coherent sources: Studying neural interactions in the human brain},
	journal = {Proc Natl Acad Sci U S A},
	volume = {98},
	number = {2},
	pages = {694-9},
	DOI = {10.1073/pnas.98.2.694},
	url = {http://www.ncbi.nlm.nih.gov/pubmed/11209067},
	year = {2001},
	type = {Journal Article}
}

@article{Jerbi2007,
	author = {Jerbi, K. and Lachaux, J. P. and N'Diaye, K. and Pantazis, D. and Leahy, R. M. and Garnero, L. and Baillet, S.},
	title = {Coherent neural representation of hand speed in humans revealed by MEG imaging},
	journal = {Proc Natl Acad Sci U S A},
	volume = {104},
	number = {18},
	pages = {7676-81},
	DOI = {10.1073/pnas.0609632104},
	url = {http://www.ncbi.nlm.nih.gov/pubmed/17442753},
	year = {2007},
	type = {Journal Article}
}

@article{Kujala2007,
	author = {Kujala, J. and Pammer, K. and Cornelissen, P. and Roebroeck, A. and Formisano, E. and Salmelin, R.},
	title = {Phase coupling in a cerebro-cerebellar network at 8-13 Hz during reading},
	journal = {Cereb Cortex},
	volume = {17},
	number = {6},
	pages = {1476-85},
	DOI = {10.1093/cercor/bhl059},
	url = {http://www.ncbi.nlm.nih.gov/pubmed/16926241},
	year = {2007},
	type = {Journal Article}
}

@article{Guggisberg2008,
	author = {Guggisberg, A. G. and Honma, S. M. and Findlay, A. M. and Dalal, S. S. and Kirsch, H. E. and Berger, M. S. and Nagarajan, S. S.},
	title = {Mapping functional connectivity in patients with brain lesions},
	journal = {Ann Neurol},
	volume = {63},
	number = {2},
	pages = {193-203},
	DOI = {10.1002/ana.21224},
	url = {http://www.ncbi.nlm.nih.gov/pubmed/17894381},
	year = {2008},
	type = {Journal Article}
}

@article{Hillebrand2012,
	author = {Hillebrand, A. and Barnes, G. R. and Bosboom, J. L. and Berendse, H. W. and Stam, C. J.},
	title = {Frequency-dependent functional connectivity within resting-state networks: an atlas-based MEG beamformer solution},
	journal = {Neuroimage},
	volume = {59},
	number = {4},
	pages = {3909-21},
	DOI = {10.1016/j.neuroimage.2011.11.005},
	url = {http://www.ncbi.nlm.nih.gov/pubmed/22122866},
	year = {2012},
	type = {Journal Article}
}

@article{Wong2011,
	author = {Wong, K. F. and Mukamel, E. A. and Salazar, A. F. and Pierce, E. T. and Harrell, P. G. and Walsh, J. L. and Sampson, A. and Brown, E. N. and Purdon, P. L.},
	title = {Robust time-varying multivariate coherence estimation: application to electroencephalogram recordings during general anesthesia},
	journal = {Conf Proc IEEE Eng Med Biol Soc},
	volume = {2011},
	pages = {4725-8},
	DOI = {10.1109/IEMBS.2011.6091170},
	url = {http://www.ncbi.nlm.nih.gov/pubmed/22255393},
	year = {2011},
	type = {Journal Article}
}

@article{Singer1999,
	author = {Singer, W.},
	title = {Neuronal synchrony: a versatile code for the definition of relations?},
	journal = {Neuron},
	volume = {24},
	number = {1},
	pages = {49-65, 111-25},
	url = {http://www.ncbi.nlm.nih.gov/pubmed/10677026},
	year = {1999},
	type = {Journal Article}
}

@article{Fedele2015,
	author = {Fedele, T. and Scheer, H. J. and Burghoff, M. and Curio, G. and Korber, R.},
	title = {Ultra-low-noise EEG/MEG systems enable bimodal non-invasive detection of spike-like human somatosensory evoked responses at 1 kHz},
	journal = {Physiol Meas},
	volume = {36},
	number = {2},
	pages = {357-68},
	DOI = {10.1088/0967-3334/36/2/357},
	url = {http://www.ncbi.nlm.nih.gov/pubmed/25612926},
	year = {2015},
	type = {Journal Article}
}

@article{Taulu2004,
	author = {Taulu, S. and Kajola, M. and Simola, J.},
	title = {Suppression of interference and artifacts by the Signal Space Separation Method},
	journal = {Brain Topogr},
	volume = {16},
	number = {4},
	pages = {269-75},
	url = {http://www.ncbi.nlm.nih.gov/pubmed/15379226},
	year = {2004},
	type = {Journal Article}
}

@article{Fries2005,
	author = {Fries, P.},
	title = {A mechanism for cognitive dynamics: neuronal communication through neuronal coherence},
	journal = {Trends Cogn Sci},
	volume = {9},
	number = {10},
	pages = {474-80},
	DOI = {10.1016/j.tics.2005.08.011},
	url = {http://www.ncbi.nlm.nih.gov/pubmed/16150631},
	year = {2005},
	type = {Journal Article}
}

@article{Ou2009,
	author = {Ou, W. and Hamalainen, M. S. and Golland, P.},
	title = {A distributed spatio-temporal EEG/MEG inverse solver},
	journal = {Neuroimage},
	volume = {44},
	number = {3},
	pages = {932-46},
	DOI = {10.1016/j.neuroimage.2008.05.063},
	url = {http://www.ncbi.nlm.nih.gov/pubmed/18603008},
	year = {2009},
	type = {Journal Article}
}

@inbook{Jensen2010,
	author = {Jensen, O. and Hesse, C.},
	title = {Estimating Distributed Representations of Evoked Responses and Oscillatory Brain Activity},
	booktitle = {MEG: An Introduction to Methods},
	editor = {Hansen, P. and Kringelbach, M. and Salmelin, R.},
	publisher = {Oxford University Press},
	address = {New York},
	year = {2010},
	type = {Book Section}
}

@article{Friston1991,
	author = {Friston, K. J. and Frith, C. D. and Liddle, P. F. and Frackowiak, R. S.},
	title = {Investigating a network model of word generation with positron emission tomography},
	journal = {Proc Biol Sci},
	volume = {244},
	number = {1310},
	pages = {101-6},
	DOI = {10.1098/rspb.1991.0057},
	url = {http://www.ncbi.nlm.nih.gov/pubmed/1679543},
	year = {1991},
	type = {Journal Article}
}

@article{Friston1993,
	author = {Friston, K. J. and Frith, C. D. and Liddle, P. F. and Frackowiak, R. S.},
	title = {Functional connectivity: the principal-component analysis of large (PET) data sets},
	journal = {J Cereb Blood Flow Metab},
	volume = {13},
	number = {1},
	pages = {5-14},
	ISSN = {0271-678X (Print)
	0271-678X (Linking)},
	DOI = {10.1038/jcbfm.1993.4},
	url = {http://www.ncbi.nlm.nih.gov/pubmed/8417010},
	year = {1993},
	type = {Journal Article}
}

@article{Friston1994,
	author = {Friston, Karl J.},
	title = {Functional and effective connectivity in neuroimaging: A synthesis},
	journal = {Human Brain Mapping},
	volume = {2},
	number = {1-2},
	pages = {56-78},
	DOI = {10.1002/hbm.460020107},
	url = {http://dx.doi.org/10.1002/hbm.460020107},
	year = {1994},
	type = {Journal Article}
}

@article{Biswal1995,
	author = {Biswal, B. and Yetkin, F. Z. and Haughton, V. M. and Hyde, J. S.},
	title = {Functional connectivity in the motor cortex of resting human brain using echo-planar MRI},
	journal = {Magn Reson Med},
	volume = {34},
	number = {4},
	pages = {537-41},
	url = {http://www.ncbi.nlm.nih.gov/pubmed/8524021},
	year = {1995},
	type = {Journal Article}
}

@article{Friston1998,
	author = {Friston, K. J.},
	title = {The disconnection hypothesis},
	journal = {Schizophr Res},
	volume = {30},
	number = {2},
	pages = {115-25},
	url = {http://www.ncbi.nlm.nih.gov/pubmed/9549774},
	year = {1998},
	type = {Journal Article}
}

@article{Schnitzler2005,
	author = {Schnitzler, A. and Gross, J.},
	title = {Normal and pathological oscillatory communication in the brain},
	journal = {Nat Rev Neurosci},
	volume = {6},
	number = {4},
	pages = {285-96},
	DOI = {10.1038/nrn1650},
	url = {http://www.ncbi.nlm.nih.gov/pubmed/15803160},
	year = {2005},
	type = {Journal Article}
}

@article{Kessler2014,
	author = {Kessler, Daniel and Angstadt, Michael and Welsh, Robert C. and Sripada, Chandra},
	title = {Modality-Spanning Deficits in Attention-Deficit/Hyperactivity Disorder in Functional Networks, Gray Matter, and White Matter},
	journal = {The Journal of Neuroscience},
	volume = {34},
	number = {50},
	pages = {16555-16566},
	DOI = {10.1523/jneurosci.3156-14.2014},
	url = {http://www.jneurosci.org/content/34/50/16555.abstract},
	year = {2014},
	type = {Journal Article}
}

@article{Palaniyappan2012,
	author = {Palaniyappan, L. and Liddle, P. F.},
	title = {Does the salience network play a cardinal role in psychosis? An emerging hypothesis of insular dysfunction},
	journal = {J Psychiatry Neurosci},
	volume = {37},
	number = {1},
	pages = {17-27},
	DOI = {10.1503/jpn.100176},
	url = {http://www.ncbi.nlm.nih.gov/pubmed/21693094},
	year = {2012},
	type = {Journal Article}
}

@article{Corbetta1998,
	author = {Corbetta, M.},
	title = {Frontoparietal cortical networks for directing attention and the eye to visual locations: identical, independent, or overlapping neural systems?},
	journal = {Proc Natl Acad Sci U S A},
	volume = {95},
	number = {3},
	pages = {831-8},
	url = {http://www.ncbi.nlm.nih.gov/pubmed/9448248},
	year = {1998},
	type = {Journal Article}
}


@article{Fox2007,
	author = {Fox, M. D. and Raichle, M. E.},
	title = {Spontaneous fluctuations in brain activity observed with functional magnetic resonance imaging},
	journal = {Nat Rev Neurosci},
	volume = {8},
	number = {9},
	pages = {700-11},
	ISSN = {1471-003X (Print)
	1471-003X (Linking)},
	DOI = {10.1038/nrn2201},
	url = {http://www.ncbi.nlm.nih.gov/pubmed/17704812},
	year = {2007},
	type = {Journal Article}
}

@article{Birn2012,
	author = {Birn, R. M.},
	title = {The role of physiological noise in resting-state functional connectivity},
	journal = {Neuroimage},
	volume = {62},
	number = {2},
	pages = {864-70},
	DOI = {10.1016/j.neuroimage.2012.01.016},
	url = {http://www.ncbi.nlm.nih.gov/pubmed/22245341},
	year = {2012},
	type = {Journal Article}
}

@article{Murphy2013,
	author = {Murphy, K. and Birn, R. M. and Bandettini, P. A.},
	title = {Resting-state fMRI confounds and cleanup},
	journal = {Neuroimage},
	volume = {80},
	pages = {349-59},
	DOI = {10.1016/j.neuroimage.2013.04.001},
	url = {http://www.ncbi.nlm.nih.gov/pubmed/23571418},
	year = {2013},
	type = {Journal Article}
}

@article{Tong2015,
	author = {Tong, Y. and Hocke, L. M. and Fan, X. and Janes, A. C. and Frederick, Bd},
	title = {Can apparent resting state connectivity arise from systemic fluctuations?},
	journal = {Front Hum Neurosci},
	volume = {9},
	pages = {285},
	DOI = {10.3389/fnhum.2015.00285},
	url = {http://www.ncbi.nlm.nih.gov/pubmed/26029095},
	year = {2015},
	type = {Journal Article}
}

@article{Hutchinson2013,
	author = {Hutchison, R. M. and Womelsdorf, T. and Allen, E. A. and Bandettini, P. A. and Calhoun, V. D. and Corbetta, M. and Della Penna, S. and Duyn, J. H. and Glover, G. H. and Gonzalez-Castillo, J. and Handwerker, D. A. and Keilholz, S. and Kiviniemi, V. and Leopold, D. A. and de Pasquale, F. and Sporns, O. and Walter, M. and Chang, C.},
	title = {Dynamic functional connectivity: promise, issues, and interpretations},
	journal = {Neuroimage},
	volume = {80},
	pages = {360-78},
	DOI = {10.1016/j.neuroimage.2013.05.079},
	url = {http://www.ncbi.nlm.nih.gov/pubmed/23707587},
	year = {2013},
	type = {Journal Article}
}

@article{Zimmerman1970,
	author = {Zimmerman, J. E. and Thiene, P. and Harding, J. T.},
	title = {Design and Operation of Stable Rf-Biased Superconducting Point-Contact Quantum Devices, and a Note on Properties of Perfectly Clean Metal Contacts},
	journal = {Journal of Applied Physics},
	volume = {41},
	number = {4},
	pages = {1572-1580},
	DOI = {Doi 10.1063/1.1659074},
	url = {<Go to ISI>://WOS:A1970G213500022},
	year = {1970},
	type = {Journal Article}
}

@article{Fox1984,
	author = {Fox, P. T. and Mintun, M. A. and Raichle, M. E. and Herscovitch, P.},
	title = {A noninvasive approach to quantitative functional brain mapping with H2 (15)O and positron emission tomography},
	journal = {J Cereb Blood Flow Metab},
	volume = {4},
	number = {3},
	pages = {329-33},
	DOI = {10.1038/jcbfm.1984.48},
	url = {http://www.ncbi.nlm.nih.gov/pubmed/6470051},
	year = {1984},
	type = {Journal Article}
}

@article{Ogawa1990,
	author = {Ogawa, S. and Lee, T. M. and Kay, A. R. and Tank, D. W.},
	title = {Brain magnetic resonance imaging with contrast dependent on blood oxygenation},
	journal = {Proc Natl Acad Sci U S A},
	volume = {87},
	number = {24},
	pages = {9868-72},
	url = {http://www.ncbi.nlm.nih.gov/pubmed/2124706},
	year = {1990},
	type = {Journal Article}
}

@book{Penfield1954,
	author = {Penfield, Wilder and Jasper, Herbert},
	title = {Epilepsy and the functional anatomy of the human brain},
	publisher = {Little, Brown and Co.},
	address = {Oxford, England},
	pages = {xv, 896},
	year = {1954},
	type = {Book}
}

@article{Mansfield1973,
	author = {Mansfield, P. and Grannell, P. K.},
	title = {Nmr Diffraction in Solids},
	journal = {Journal of Physics C-Solid State Physics},
	volume = {6},
	number = {22},
	pages = {L422-L426},
	DOI = {Doi 10.1088/0022-3719/6/22/007},
	url = {<Go to ISI>://WOS:A1973R429800007},
	year = {1973},
	type = {Journal Article}
}

@article{Lauterber1973,
	author = {Lauterber, P.C.},
	title = {Image Formation by Induced Local Interactions: Examples Employing Nuclear Magnetic Resonance},
	journal = {Nature},
	volume = {242},
	pages = {190},
	year = {1973},
	type = {Journal Article}
}

@article{Mansfield1977,
	author = {Mansfield, P.},
	title = {Multi-Planar Image-Formation Using Nmr Spin Echoes},
	journal = {Journal of Physics C-Solid State Physics},
	volume = {10},
	number = {3},
	pages = {L55-L58},
	DOI = {Doi 10.1088/0022-3719/10/3/004},
	url = {<Go to ISI>://WOS:A1977CZ86000004},
	year = {1977},
	type = {Journal Article}
}

@article{Troebinger2014,
	author = {Troebinger, L. and Lopez, J. D. and Lutti, A. and Bestmann, S. and Barnes, G.},
	title = {Discrimination of cortical laminae using MEG},
	journal = {Neuroimage},
	volume = {102 Pt 2},
	pages = {885-93},
	DOI = {10.1016/j.neuroimage.2014.07.015},
	url = {http://www.ncbi.nlm.nih.gov/pubmed/25038441},
	year = {2014},
	type = {Journal Article}
}

@article{Granger1969,
	author = {Granger, C. W. J.},
	title = {Investigating Causal Relations by Econometric Models and Cross-Spectral Methods},
	journal = {Econometrica},
	volume = {37},
	number = {3},
	pages = {414-438},
	url = {<Go to ISI>://WOS:A1969E301800005},
	year = {1969},
	type = {Journal Article}
}

@article{Friston2003,
	author = {Friston, K. J. and Harrison, L. and Penny, W.},
	title = {Dynamic causal modelling},
	journal = {Neuroimage},
	volume = {19},
	number = {4},
	pages = {1273-302},
	url = {http://www.ncbi.nlm.nih.gov/pubmed/12948688},
	year = {2003},
	type = {Journal Article}
}

@article{Kapur2003,
	author = {Kapur, Shitij},
	title = {Psychosis as a State of Aberrant Salience: A Framework Linking Biology, Phenomenology, and Pharmacology in Schizophrenia},
	journal = {American Journal of Psychiatry},
	volume = {160},
	number = {1},
	pages = {13-23},
	DOI = {doi:10.1176/appi.ajp.160.1.13},
	url = {http://ajp.psychiatryonline.org/doi/abs/10.1176/appi.ajp.160.1.13},
	year = {2003},
	type = {Journal Article}
}

@article{Robson2015,
	author = {Robson, Siân E. and Brookes, Matthew J. and Hall, Emma L. and Palaniyappan, Lena and Kumar, Jyothika and Skelton, Michael and Christodoulou, Nikolaos G. and Qureshi, Ayaz and Jan, Fiesal and Katshu, Mohammad Z. and Liddle, Elizabeth B. and Liddle, Peter F. and Morris, Peter G.},
	title = {Abnormal visuomotor processing in schizophrenia},
	journal = {NeuroImage: Clinical},
	ISSN = {2213-1582},
	DOI = {http://dx.doi.org/10.1016/j.nicl.2015.08.005},
	url = {http://www.sciencedirect.com/science/article/pii/S2213158215001436},
	volume = {In Press},
	year = {2015},
	type = {Journal Article}
}


@article{Webb2013,
    author = {Webb, J. Taylor AND Ferguson, Michael A. AND Nielsen, Jared A. AND Anderson, Jeffrey S.},
    journal = {PLoS ONE},
    publisher = {Public Library of Science},
    title = {BOLD Granger Causality Reflects Vascular Anatomy},
    year = {2013},
    month = {12},
    volume = {8},
    url = {http://dx.doi.org/10.1371%2Fjournal.pone.0084279},
    pages = {},
    number = {12},
    doi = {10.1371/journal.pone.0084279}
}

@Article{Laird2005,
author={Laird, Angela R. and Lancaster, Jack J. and Fox, Peter T.},
title={BrainMap},
year = {2005},
journal={Neuroinformatics},
volume={3},
number={1},
pages={65--77},
doi={10.1385/NI:3:1:065},
url={http://dx.doi.org/10.1385/NI:3:1:065}
}

@article{Laufs2003,
author = {Laufs, H. and Krakow, K. and Sterzer, P. and Eger, E. and Beyerle, A. and Salek-Haddadi, A. and Kleinschmidt, A.}, 
title = {Electroencephalographic signatures of attentional and cognitive default modes in spontaneous brain activity fluctuations at rest},
volume = {100}, 
number = {19}, 
pages = {11053-11058}, 
year = {2003}, 
doi = {10.1073/pnas.1831638100}, 
URL = {http://www.pnas.org/content/100/19/11053.abstract}, 
eprint = {http://www.pnas.org/content/100/19/11053.full.pdf}, 
journal = {Proceedings of the National Academy of Sciences} 
}

@article{Mantini2007,
author = {Mantini, D. and Perrucci, M. G. and Del Gratta, C. and Romani, G. L. and Corbetta, M.}, 
title = {Electrophysiological signatures of resting state networks in the human brain},
volume = {104}, 
number = {32}, 
pages = {13170-13175}, 
year = {2007}, 
doi = {10.1073/pnas.0700668104}, 
URL = {http://www.pnas.org/content/104/32/13170.abstract}, 
eprint = {http://www.pnas.org/content/104/32/13170.full.pdf}, 
journal = {Proceedings of the National Academy of Sciences} 
}

@book{Hook1991,
author = {Hook, J. R. and Hall, H. E},
title = {Solid State Physics},
year = {1991},
edition = {2nd},
publisher = {Wiley-Blackwell},
}

@article{London1948,
  title = {On the Problem of the Molecular Theory of Superconductivity},
  author = {London, F.},
  journal = {Phys. Rev.},
  volume = {74},
  issue = {5},
  pages = {562--573},
  numpages = {0},
  year = {1948},
  month = {Sep},
  publisher = {American Physical Society},
  doi = {10.1103/PhysRev.74.562},
  url = {http://link.aps.org/doi/10.1103/PhysRev.74.562}
}

@article{Nolte2003,
	author = {Nolte, G.},
	title = {The magnetic lead field theorem in the quasi-static approximation and its use for magnetoencephalography forward calculation in realistic volume conductors},
	journal = {Phys Med Biol},
	volume = {48},
	number = {22},
	pages = {3637-52},
	url = {http://www.ncbi.nlm.nih.gov/pubmed/14680264},
	year = {2003},
	type = {Journal Article}
}

@article{Stenroos2014,
	author = {Stenroos, M. and Hunold, A. and Haueisen, J.},
	title = {Comparison of three-shell and simplified volume conductor models in magnetoencephalography},
	journal = {Neuroimage},
	volume = {94},
	pages = {337-48},
	DOI = {10.1016/j.neuroimage.2014.01.006},
	url = {http://www.ncbi.nlm.nih.gov/pubmed/24434678},
	year = {2014},
	type = {Journal Article}
}

@article{Hillebrand2002,
	author = {Hillebrand, A. and Barnes, G. R.},
	title = {A quantitative assessment of the sensitivity of whole-head MEG to activity in the adult human cortex},
	journal = {Neuroimage},
	volume = {16},
	number = {3 Pt 1},
	pages = {638-50},
	url = {http://www.ncbi.nlm.nih.gov/pubmed/12169249},
	year = {2002},
	type = {Journal Article}
}

@inbook{Robinson1992,
	author = {Robinson, S.E. and Rose, D.F},
	title = {Current source image estimation by spatially filtered MEG},
	booktitle = {Biomagentism: Clinical Aspects},
	editor = {Hoke, M. and Erne, S.N and Okada, Y.C and Romani, G.L},
	publisher = {Excerpta Medica},
	address = {Amsterdam},
	pages = {761-5},
	year = {1992},
	type = {Book Section}
}

@article{Sekihara2004,
	author = {Sekihara, K. and Nagarajan, S. S. and Poeppel, D. and Marantz, A.},
	title = {Asymptotic SNR of scalar and vector minimum-variance beamformers for neuromagnetic source reconstruction},
	journal = {IEEE Trans Biomed Eng},
	volume = {51},
	number = {10},
	pages = {1726-34},
	DOI = {10.1109/TBME.2004.827926},
	url = {http://www.ncbi.nlm.nih.gov/pubmed/15490820},
	year = {2004},
	type = {Journal Article}
}

@article{Hadjipapas2005,
   author = {Hadjipapas, A. and Hillebrand, A. and Holliday, I. E. and Singh, K. D. and Barnes, G. R.},
   title = {Assessing interactions of linear and nonlinear neuronal sources using MEG beamformers: a proof of concept},
   journal = {Clin Neurophysiol},
   volume = {116},
   number = {6},
   pages = {1300-13},
   DOI = {10.1016/j.clinph.2005.01.014},
   url = {http://www.ncbi.nlm.nih.gov/pubmed/15978493},
   year = {2005},
   type = {Journal Article}
}

@article{Leonardi2015,
	author = {Leonardi, N. and Van De Ville, D.},
	title = {On spurious and real fluctuations of dynamic functional connectivity during rest},
	journal = {Neuroimage},
	volume = {104},
	pages = {430-6},
	DOI = {10.1016/j.neuroimage.2014.09.007},
	url = {http://www.ncbi.nlm.nih.gov/pubmed/25234118},
	year = {2015},
	type = {Journal Article}
}

@article{Hindriks2016,
	author = {Hindriks, R. and Adhikari, M. H. and Murayama, Y. and Ganzetti, M. and Mantini, D. and Logothetis, N. K. and Deco, G.},
	title = {Can sliding-window correlations reveal dynamic functional connectivity in resting-state fMRI?},
	journal = {Neuroimage},
	volume = {127},
	pages = {242-56},
	DOI = {10.1016/j.neuroimage.2015.11.055},
	url = {http://www.ncbi.nlm.nih.gov/pubmed/26631813},
	year = {2016},
	type = {Journal Article}
}

@article{Laumann2015,
	author = {Laumann, T. O. and Gordon, E. M. and Adeyemo, B. and Snyder, A. Z. and Joo, S. J. and Chen, M. Y. and Gilmore, A. W. and McDermott, K. B. and Nelson, S. M. and Dosenbach, N. U. and Schlaggar, B. L. and Mumford, J. A. and Poldrack, R. A. and Petersen, S. E.},
	title = {Functional System and Areal Organization of a Highly Sampled Individual Human Brain},
	journal = {Neuron},
	volume = {87},
	number = {3},
	pages = {657-70},
	DOI = {10.1016/j.neuron.2015.06.037},
	url = {http://www.ncbi.nlm.nih.gov/pubmed/26212711},
	year = {2015},
	type = {Journal Article}
}

@article{Murakami2006,
	author = {Murakami, S. and Okada, Y.},
	title = {Contributions of principal neocortical neurons to magnetoencephalography and electroencephalography signals},
	journal = {J Physiol},
	volume = {575},
	number = {Pt 3},
	pages = {925-36},
	DOI = {10.1113/jphysiol.2006.105379},
	url = {http://www.ncbi.nlm.nih.gov/pubmed/16613883},
	year = {2006},
	type = {Journal Article}
}

@article{Regan1977, 
author = {David Regan}, 
journal = {J. Opt. Soc. Am.}, 
number = {11}, 
pages = {1475--1489}, 
publisher = {OSA},
title = {Steady-state evoked potentials}, 
volume = {67}, 
month = {Nov},
year = {1977},
url = {http://www.osapublishing.org/abstract.cfm?URI=josa-67-11-1475},
doi = {10.1364/JOSA.67.001475},
}

@article {Worrell2008,
	author = {Worrell, Greg A. and Gardner, Andrew B. and Stead, S. Matt and Hu, Sanqing and Goerss, Steve and Cascino, Gregory J. and Meyer, Fredric B. and Marsh, Richard and Litt, Brian},
	title = {High-frequency oscillations in human temporal lobe: simultaneous microwire and clinical macroelectrode recordings},
	volume = {131},
	number = {4},
	pages = {928--937},
	year = {2008},
	doi = {10.1093/brain/awn006},
	publisher = {Oxford University Press},
	issn = {0006-8950},
	URL = {http://brain.oxfordjournals.org/content/131/4/928},
	eprint = {http://brain.oxfordjournals.org/content/131/4/928.full.pdf},
	journal = {Brain}
}

@article {Buzsaki1992,
	author = {Buzsaki, G and Horvath, Z and Urioste, R and Hetke, J and Wise, K},
	title = {High-frequency network oscillation in the hippocampus},
	volume = {256},
	number = {5059},
	pages = {1025--1027},
	year = {1992},
	doi = {10.1126/science.1589772},
	publisher = {American Association for the Advancement of Science},
	issn = {0036-8075},
	URL = {http://science.sciencemag.org/content/256/5059/1025},
	eprint = {http://science.sciencemag.org/content/256/5059/1025.full.pdf},
	journal = {Science}
}

@article{Bragin2002,
  title={Local generation of fast ripples in epileptic brain},
  author={Bragin, Anatol and Mody, Istvan and Wilson, Charles L and Engel, Jerome},
  journal={The Journal of neuroscience},
  volume={22},
  number={5},
  pages={2012--2021},
  year={2002},
  publisher={Soc Neuroscience}
}

@article{Bosboom2008,
	author = {Bosboom, J. L. and Stoffers, D. and Wolters, ECh and Stam, C. J. and Berendse, H. W.},
	title = {MEG resting state functional connectivity in Parkinson's disease related dementia},
	journal = {J Neural Transm (Vienna)},
	volume = {116},
	number = {2},
	pages = {193-202},
	DOI = {10.1007/s00702-008-0132-6},
	url = {http://www.ncbi.nlm.nih.gov/pubmed/18982241},
	year = {2009},
	type = {Journal Article}
}

@article{vanderMeer2013,
	author = {Van der Meer, M. L. and Tewarie, P. and Schoonheim, M. M. and Douw, L. and Barkhof, F. and Polman, C. H. and Stam, C. J. and Hillebrand, A.},
	title = {Cognition in MS correlates with resting-state oscillatory brain activity: An explorative MEG source-space study},
	journal = {Neuroimage Clin},
	volume = {2},
	pages = {727-34},
	DOI = {10.1016/j.nicl.2013.05.003},
	url = {http://www.ncbi.nlm.nih.gov/pubmed/24179824},
	year = {2013},
	type = {Journal Article}
}

@article{Hillebrand2016,
	author = {Hillebrand, A. and Tewarie, P. and van Dellen, E. and Yu, M. and Carbo, E. W. and Douw, L. and Gouw, A. A. and van Straaten, E. C. and Stam, C. J.},
	title = {Direction of information flow in large-scale resting-state networks is frequency-dependent},
	journal = {Proc Natl Acad Sci U S A},
	DOI = {10.1073/pnas.1515657113},
	url = {http://www.ncbi.nlm.nih.gov/pubmed/27001844},
	year = {2016},
	type = {Journal Article}
}

@article{Dalal2008,
	author = {Dalal, S. S. and Guggisberg, A. G. and Edwards, E. and Sekihara, K. and Findlay, A. M. and Canolty, R. T. and Berger, M. S. and Knight, R. T. and Barbaro, N. M. and Kirsch, H. E. and Nagarajan, S. S.},
	title = {Five-dimensional neuroimaging: localization of the time-frequency dynamics of cortical activity},
	journal = {Neuroimage},
	volume = {40},
	number = {4},
	pages = {1686-700},
	DOI = {10.1016/j.neuroimage.2008.01.023},
	url = {http://www.ncbi.nlm.nih.gov/pubmed/18356081},
	year = {2008},
	type = {Journal Article}
}

@article{Broca1861,
	author = {Broca, P.},
	title = {Remarks on the Seat of the Faculty of Articulated Language, Following an Observation of Aphemia (Loss of Speech)},
	journal = {Bulletin de la Société Anatomique},
	volume = {6},
	pages = {330-357},
	year = {1861},
	type = {Journal Article}
}

@article{Okada1997,
title = {Genesis of \{MEG\} signals in a mammalian \{CNS\} structure},
journal = {Electroencephalography and Clinical Neurophysiology },
volume = {103},
number = {4},
pages = {474 - 485},
year = {1997},
author = {Yoshio C. Okada and Jie Wu and Shinichi Kyuhou},
}

@article{Prendergast2013,
    author = {Prendergast, Garreth AND Limbrick-Oldfield, Eve AND Ingamells, Ed AND Gathercole, Susan AND Baddeley, Alan AND Green, Gary G. R.},
    journal = {PLoS ONE},
    publisher = {Public Library of Science},
    title = {Differential Patterns of Prefrontal MEG Activation during Verbal and Visual Encoding and Retrieval},
    year = {2013},
    month = {12},
    volume = {8},
    url = {http://dx.doi.org/10.1371%2Fjournal.pone.0082936},
    pages = {1-11},
    number = {12},
    doi = {10.1371/journal.pone.0082936}
}

@book{APA2013,
	author = {{American Psychiatric Association}},
	shortauthor = {APA},
	address = {Washington, {DC}},
	edition = {5th ed.},
	title = {Diagnostic and statistical manual of mental disorders: {DSM-5}},
	publisher = {Autor},
	year = {2013},
}

@article{Hansen2015,
	author = {Hansen, S.N and Schendel, D.E. and Parner E.T.},
	title = {Explaining the increase in the prevalence of autism spectrum disorders: The proportion attributable to changes in reporting practices},
	journal = {JAMA Pediatrics},
	volume = {169},
	number = {1},
	pages = {56-62},
	year = {2015},
	doi = {10.1001/jamapediatrics.2014.1893},
}

@article{Tomasi2012,
	author = {Tomasi, D. and Volkow, N. D.},
	title = {Abnormal functional connectivity in children with attention-deficit/hyperactivity disorder},
	journal = {Biol Psychiatry},
	volume = {71},
	number = {5},
	pages = {443-50},
	DOI = {10.1016/j.biopsych.2011.11.003},
	url = {http://www.ncbi.nlm.nih.gov/pubmed/22153589},
	year = {2012},
	type = {Journal Article}
}

@article{Maccotta2013,
	author = {Maccotta, L. and He, B. J. and Snyder, A. Z. and Eisenman, L. N. and Benzinger, T. L. and Ances, B. M. and Corbetta, M. and Hogan, R. E.},
	title = {Impaired and facilitated functional networks in temporal lobe epilepsy},
	journal = {Neuroimage Clin},
	volume = {2},
	pages = {862-72},
	DOI = {10.1016/j.nicl.2013.06.011},
	url = {http://www.ncbi.nlm.nih.gov/pubmed/24073391},
	year = {2013},
	type = {Journal Article}
}

@article{Haneef2014,
	author = {Haneef, Z. and Lenartowicz, A. and Yeh, H. J. and Levin, H. S. and Engel, J., Jr. and Stern, J. M.},
	title = {Functional connectivity of hippocampal networks in temporal lobe epilepsy},
	journal = {Epilepsia},
	volume = {55},
	number = {1},
	pages = {137-45},
	DOI = {10.1111/epi.12476},
	url = {http://www.ncbi.nlm.nih.gov/pubmed/24313597},
	year = {2014},
	type = {Journal Article}
}

@article{Allen2007,
	author = {Allen, G. and Barnard, H. and McColl, R. and Hester, A. L. and Fields, J. A. and Weiner, M. F. and Ringe, W. K. and Lipton, A. M. and Brooker, M. and McDonald, E. and Rubin, C. D. and Cullum, C. M.},
	title = {Reduced hippocampal functional connectivity in Alzheimer disease},
	journal = {Arch Neurol},
	volume = {64},
	number = {10},
	pages = {1482-7},
	DOI = {10.1001/archneur.64.10.1482},
	url = {http://www.ncbi.nlm.nih.gov/pubmed/17923631},
	year = {2007},
	type = {Journal Article}
}

@article{Grady2001,
	author = {Grady, C. L. and Furey, M. L. and Pietrini, P. and Horwitz, B. and Rapoport, S. I.},
	title = {Altered brain functional connectivity and impaired short-term memory in Alzheimer's disease},
	journal = {Brain},
	volume = {124},
	number = {Pt 4},
	pages = {739-56},
	url = {http://www.ncbi.nlm.nih.gov/pubmed/11287374},
	year = {2001},
	type = {Journal Article}
}

@article{Hacker2012,
	author = {Hacker, C. D. and Perlmutter, J. S. and Criswell, S. R. and Ances, B. M. and Snyder, A. Z.},
	title = {Resting state functional connectivity of the striatum in Parkinson's disease},
	journal = {Brain},
	volume = {135},
	number = {Pt 12},
	pages = {3699-711},
	DOI = {10.1093/brain/aws281},
	url = {http://www.ncbi.nlm.nih.gov/pubmed/23195207},
	year = {2012},
	type = {Journal Article}
}

@article{Hawellek2011,
	author = {Hawellek, D. J. and Hipp, J. F. and Lewis, C. M. and Corbetta, M. and Engel, A. K.},
	title = {Increased functional connectivity indicates the severity of cognitive impairment in multiple sclerosis},
	journal = {Proc Natl Acad Sci U S A},
	volume = {108},
	number = {47},
	pages = {19066-71},
	DOI = {10.1073/pnas.1110024108},
	url = {http://www.ncbi.nlm.nih.gov/pubmed/22065778},
	year = {2011},
	type = {Journal Article}
}

@article{Leavitt2014,
	author = {Leavitt, VictoriaM and Wylie, GlennR and Girgis, PeterA and DeLuca, John and Chiaravalloti, NancyD},
	title = {Increased functional connectivity within memory networks following memory rehabilitation in multiple sclerosis},
	journal = {Brain Imaging and Behavior},
	volume = {8},
	number = {3},
	pages = {394-402},
	DOI = {10.1007/s11682-012-9183-2},
	url = {http://dx.doi.org/10.1007/s11682-012-9183-2},
	year = {2014},
	type = {Journal Article}
}

@article{Wang2007,
	author = {Wang, K. and Liang, M. and Wang, L. and Tian, L. and Zhang, X. and Li, K. and Jiang, T.},
	title = {Altered functional connectivity in early Alzheimer's disease: a resting-state fMRI study},
	journal = {Hum Brain Mapp},
	volume = {28},
	number = {10},
	pages = {967-78},
	DOI = {10.1002/hbm.20324},
	url = {http://www.ncbi.nlm.nih.gov/pubmed/17133390},
	year = {2007},
	type = {Journal Article}
}




